3036 5468
351 672 416 733 336
509 684 604 733 nunu
628 683 861 734 cancsuusnu
886 685 927 733 nr
950 685 1243 737 enocunarouou

395 856 437 919 Iu
465 878 603 942 (luorum
629 858 776 921 omnium
797 862 831 922 ct
853 858 1058 945 singulorum
1074 860 1175 925 fidem
1196 865 1232 925 et
1254 862 1379 926 testimo

350 959 442 1022 uiam
465 958 524 1023 lias
546 960 659 1024 literas
682 966 810 1025 nostras
840 960 1031 1025 indentatas
1058 968 1093 1027 et
1123 963 1307 1048 tripartitos
1325 962 1380 1027 fiui

349 1061 485 1127 fecimus
506 1067 666 1148 patentes,
691 1085 832 1148 querum
855 1063 930 1129 duce
952 1068 1063 1150 partes
1085 1064 1129 1128 ad
1152 1064 1381 1151 dispositionem

349 1168 561 1229 executorum
586 1164 829 1251 praedictorum,
852 1163 976 1230 tertio¹
993 1187 1072 1230 vero
1099 1188 1176 1252 pars
1200 1166 1237 1230 in
1260 1166 1382 1232 archivis

349 1268 446 1332 dictis
480 1266 719 1334 Universitatis
751 1273 909 1355 perpetuo
943 1271 1172 1346 remanebunt,
1200 1292 1325 1335 necnon
1348 1270 1382 1333 si·

347 1368 464 1454 gillum
496 1392 667 1435 commune
700 1370 940 1436 Universitatis
974 1378 1096 1437 nostrae
1127 1372 1295 1458 praedictae
1315 1394 1383 1459 pne·

347 1470 495 1535 sentibus
517 1472 735 1558 appmsuimus

393 1572 519 1637 Datum
554 1574 588 1637 in
623 1580 745 1640 nostrae
778 1573 1044 1661 congregationis
1067 1574 1164 1639 domo
1196 1576 1314 1660 quinto
1341 1576 1383 1639 die

350 1673 472 1741 Martii.

573 1977 769 2042 Onnixuuo
794 1976 909 2042 Orsum
933 1993 978 2041 nn
1001 1976 1179 2043 Dauvnns.

393 2137 567 2202 Universis
589 2144 712 2205 sauct‘c
734 2140 852 2205 Matris
875 2140 1027 2207 Ecclesia
1049 2141 1135 2218 filiis,
1151 2142 1195 2206 ad
1217 2162 1299 2226 quos
1316 2162 1387 2227 pue

347 2248 456 2307 sentes
484 2243 590 2309 litera
624 2248 844 2330 pervenerint,
867 2247 1008 2312 Thomas
1032 2246 1269 2323 Ohouudclcrc,
1298 2267 1386 2312 sacra

346 2344 520 2433 theologiae
542 2348 712 2432 professor,
737 2349 1020 2433 Cancellariusque
1039 2347 1283 2413 Universitatis
1305 2348 1384 2414 Oxo·

347 2448 421 2525 uiae,
444 2470 570 2514 necnon
585 2457 620 2515 ot
634 2455 739 2515 coetus
766 2451 932 2515 unanimis
948 2450 1185 2536 Megistrorum
1208 2451 1385 2537 regentium

347 2555 382 2615 et
406 2552 672 2637 non-regentium
696 2553 733 2616 in
762 2552 885 2629 eadem,
918 2552 1060 2617 salutem
1086 2551 1123 2616 iu
1151 2552 1302 2618 omnium
1324 2551 1387 2619 Sul-

346 2658 468 2719 vatore

120 2836 336 2929 paparanum·
392 2828 487 2894 Inter
513 2832 621 2894 cetera
653 2829 788 2914 pietatis
814 2849 912 2914 opera
934 2828 1078 2914 primum
1101 2850 1171 2894 csse
1193 2829 1390 2916 dignoscitur

142 2904 147 2927 r
172 2890 300 2935 ,widowoi

119 2938 334 3045 ffiffigplfgppp.
346 2930 551 2996 studentium
582 2931 768 2995 necessitati
795 2929 971 3009 consulere,
988 2931 1088 2995 etiam
1104 2932 1338 3017 compassionis
1361 2936 1390 2994 ct

119 3038 304 3135 pppsspppffighc
346 3032 576 3097 misericordia·
609 3032 717 3097 oculos
751 3032 793 3096 ad
824 3053 937 3096 eorum
972 3032 1165 3097 relevandas
1197 3034 1392 3121 indigentias

120 3139 317 3239 33iglfffl531¹sltgss¹¹⁰
346 3141 542 3208 convertero,
576 3134 654 3218 ipsis
689 3135 728 3198 de
768 3140 954 3219 opportuno
1000 3134 1145 3198 subsidio
1184 3137 1391 3220 providendo.

120 3238 161 3279 1¹¹⁰
170 3242 237 3282 rann
243 3244 269 3282 cf
276 3243 317 3286 tho
347 3233 419 3297 Hac
441 3235 546 3319 igitur
569 3235 828 3299 consideratione
851 3241 942 3300 mota
972 3241 1007 3300 ct
1037 3236 1201 3299 divinitus
1232 3238 1389 3323 inspirata

120 3290 215 3331 ricrossit
221 3292 251 3332 los
260 3293 286 3333 ul

119 3340 316 3439 ffiffrgpglplgrpw
344 3336 533 3421 prrouolrilis
560 3337 693 3401 domins
715 3338 870 3402 dolrauua
894 3337 1053 3414 Danvers,
1086 3338 1200 3402 relicta
1223 3338 1388 3403 ll'illrelmi

119 3439 320 3536 ⁵}[3lifgsr22132111ffib
345 3439 503 3513 Dauvers,
538 3439 700 3525 armigeri,
729 3444 863 3526 propter
897 3440 1161 3504 benevolentiam
1194 3440 1391 3525 singularem

119 3541 281 3593 ‹lnuponuln
344 3563 381 3604 ac
417 3542 589 3626 specialem
615 3542 774 3606 virtutis²
807 3541 1006 3616 affectiones,
1040 3562 1122 3624 quas
1145 3541 1188 3604 ad
1216 3541 1391 3628 Magistros

342 3649 377 3706 et
400 3642 569 3706 Scholarcs
594 3643 835 3707 Universitatis
859 3648 981 3708 nostrae
1004 3642 1099 3727 gerit,
1124 3643 1266 3706 donavit
1289 3644 1393 3711 nobis..

343 3750 378 3808 et
394 3743 618 3809 Universitati
641 3745 783 3808 tradidit
809 3750 943 3809 centum
967 3741 1091 3817 libras,³
1115 3764 1196 3827 quas
1212 3744 1255 3806 alr
1279 3745 1393 3809 eadem

343 3870 401 3911 sua
417 3847 457 3911 de
479 3846 678 3912 liberalitate
694 3869 753 3910 nos
769 3846 920 3910 habuisse
936 3851 971 3910 ct
993 3846 1150 3930 recepisse
1171 3847 1396 3931 cognoscimus

118 3954 379 4016 canonicarios
408 3950 560 4028 fatemur,
585 3949 619 4012 iu
647 3949 730 4012 cisto
751 3970 838 4011 uovn
869 3946 1110 4010 Universitutis
1142 3947 1273 4033 integre
1304 3972 1397 4034 repo-

118 4016 145 4054 lne
155 4015 210 4066 kain
220 4016 243 4056 iu
252 4028 266 4057 a

116 4052 479 4157 313pp3p333p⁰anouus
502 4073 600 4134 qumu
631 4050 747 4115 cistam
770 4072 812 4113 ex
835 4049 999 4134 praedictae
1022 4048 1223 4113 venerabilis
1254 4051 1398 4116 dominre

117 4164 308 4215 elcar'rorcur.
343 4152 534 4236 cognomino
558 4152 689 4236 speciali
713 4152 827 4216 cisium
851 4160 866 4185 ‘⁸
881 4150 921 4213 dc
949 4149 1129 4213 Dnuvcrs''
1152 4152 1306 4216 volumus
1339 4176 1398 4239 pro

346 4340 649 4347 ..-.—....-.—-—.—-.
660 4340 744 4346 .----.
755 4340 805 4346 --.-.
815 4338 1366 4348 ——-—-—------.—-—-—-——-—
1378 4342 1385 4347 .-

380 4453 385 4481 ¹
400 4459 422 4500 cl
434 4452 505 4500 tertio
519 4468 581 4511 aero,
593 4450 669 4499 MSS.
925 4451 934 4477 ³
945 4446 1021 4509 libris,
1034 4448 1064 4497 B.

377 4529 433 4579 iud
445 4531 541 4578 uirtutis
553 4528 611 4594 ‘llll‘
619 4531 702 4583 linires.
714 4529 769 4578 Ms'.
