3090 5490
303 729 397 777 nram
419 728 647 778 carennmrur
671 729 713 776 sr
735 728 1021 779 processionum
1121 713 1185 778 129

183 899 280 975 Item,
302 921 377 965 cum
400 900 449 964 illi
472 901 529 986 qui
551 899 690 964 similem
712 905 833 986 gerunt
856 900 961 964 vitam
987 899 1126 966 similem
1151 901 1184 965 in

123 999 265 1087 legibus
295 1003 404 1067 subire
437 1002 579 1067 debeant
610 1001 823 1087 disciplinam,
847 1006 882 1066 et
913 1023 993 1087 quos
1023 1025 1082 1089 par
1113 1024 1186 1089 pro-

136 1103 234 1168 fessio
256 1105 460 1170 eencorditer
491 1105 594 1169 sociat
627 1104 734 1190 impar
765 1104 846 1191 legis
878 1104 1089 1171 observantia
1118 1127 1185 1169 nou

136 1206 257 1273 debeat
280 1229 437 1294 separare,

189 1444 260 1526 er
284 1445 458 1510 Maersrnr
479 1462 665 1512 renarras
688 1463 885 1525 conusens,
910 1464 1140 1524 eremmon.
1199 1473 1402 1569 llffgffiffl

182 1604 360 1672 Sicinium
392 1613 439 1673 est
469 1608 557 1693 quod
591 1607 710 1693 singuli
744 1607 896 1693 Magistri
928 1607 1050 1673 artium
1081 1575 1411 1694 eujus·iiiiilffl‘ns'nent

139 1729 266 1795 cunque
298 1714 407 1773 status
440 1709 509 1774 sive
543 1710 740 1775 conditionis
773 1709 906 1789 fuerint,
933 1711 1078 1798 exeeptis
1110 1711 1187 1775 filiis
1199 1677 1396 1831 lffilllffiff

139 1832 262 1897 regum,
279 1812 435 1876 comitum
451 1811 505 1876 rel
526 1812 697 1893 baronum,
713 1813 809 1877 annis
831 1812 969 1900 singuiis
992 1813 1189 1878 auctoritate
1200 1828 1396 1932 mem

141 1913 260 1976 statuti
283 1913 432 2000 colligere
455 1918 631 1979 teneantur
643 1940 651 1993 ;
679 1915 776 1979 aliter
799 1916 887 1979 enim
910 1917 1097 1982 absurditas
1119 1917 1369 2033 haecpgogtgffl
1389 1911 1396 1929 ’

142 2023 303 2100 sequetur,
326 2016 414 2102 quod
437 2015 597 2081 divitibus
620 2016 799 2103 Magistris,
821 2039 896 2082 cum
919 2040 986 2083 non
1009 2018 1189 2105 indigeant,
1200 2030 1301 2134 libili
1308 2029 1403 2133 pm

143 2138 207 2180 non
231 2116 467 2204 colligentibus,
491 2118 641 2205 Magistri
673 2141 831 2206 pauperes
861 2127 895 2185 et
917 2121 953 2184 in
975 2120 1189 2186 facultatibus
1201 2133 1385 2226 ffifflffl

144 2219 250 2298 exiles,
275 2241 356 2305 ques
386 2219 537 2305 colligere
560 2221 738 2306 oportebit,
760 2227 859 2287 erunt
883 2222 994 2288 debito
1016 2221 1190 2301 auditorio,
1202 2234 1316 2285 auditon-

145 2321 228 2405 quod
251 2321 398 2386 habituri
420 2327 535 2398 essent,
559 2321 720 2388 frustrati.

387 2583 597 2659 Dsessrsrs,
621 2599 701 2647 now
724 2599 767 2647 ro
791 2600 834 2646 sn
856 2598 956 2648 suan.

187 2735 463 2812 itinerandum,
487 2737 574 2821 qued
605 2736 641 2800 in
673 2734 816 2801 crastino
848 2735 879 2800 S.
904 2735 1015 2800 Luciae
1041 2734 1192 2821 Virginis,
1280 2728 1309 2779 ⁰·
1322 2732 1345 2778 ⁵·

146 2858 229 2901 anno
253 2837 391 2902 Domini
413 2837 586 2903 millesimo
610 2838 839 2903 trecentesimo
855 2836 1019 2902 tricesimo
1035 2836 1143 2911 tertio,
1157 2836 1193 2900 in
1234 2820 1302 2870 Μ)-
1319 2825 1389 2869 ¹³³³·

145 2940 392 3026 congregatione
403 2940 540 3005 solemni
552 2941 749 3027 Regentium
762 2944 796 3005 et
806 2939 1090 3026 Non-regentium,
1102 2937 1195 3003 editu

137 3041 286 3125 sacrarat
308 3041 378 3107 isto
402 3042 600 3128 scomma,
622 3047 768 3129 tempore
785 3041 937 3129 Magistri
953 3040 1086 3107 Rieardi
1109 3040 1195 3105 Radi

148 3142 339 3209 Cancellarii
364 3144 604 3210 Universitetis
627 3146 773 3216 Oxonisr.
798 3167 835 3209 ae
867 3143 1101 3230 Magistrorum
1125 3142 1193 3207 Ed-

146 3247 246 3311 wardi
269 3247 309 3311 de
333 3246 424 3333 Wyk
447 3254 481 3311 et
503 3246 667 3312 Jehennis
699 3248 739 3312 de
763 3246 907 3313 Gotham
940 3247 1193 3312 Procuratorum

146 3346 383 3413 Universitatis
406 3350 580 3435 praedictae.

188 3450 274 3516 Cum
296 3463 453 3516 caveatur
476 3452 516 3515 de
538 3455 664 3517 statuto
688 3452 776 3537 quod
799 3452 909 3539 legens
942 3451 1105 3517 ordinarie
1140 3451 1194 3514 de·

146 3552 288 3629 cretales,
319 3574 373 3617 eas
402 3576 470 3617 una
499 3576 573 3618 eum
612 3559 705 3618 sexto
735 3554 817 3619 libro
852 3554 1063 3619 decretalium
1101 3552 1193 3638 quasi

146 3656 307 3720 ordinarie
341 3656 430 3719 infra
463 3678 594 3729 annum,
621 3657 809 3740 jummento
840 3657 996 3742 praestito,
1032 3655 1194 3741 perlegere

147 3763 304 3834 terreatur,
320 3779 358 3822 ec
373 3758 663 3822 constitutionibus
679 3758 895 3823 Clementinis
912 3759 1120 3823 Universitas
1142 3758 1193 3821 nti

147 3859 263 3924 debeat
286 3860 321 3923 in
338 3860 474 3945 judiciis
496 3866 530 3924 et
553 3861 588 3924 in
620 3861 745 3938 scholis,
767 3866 803 3936 ,et
826 3862 1017 3947 plerumque
1040 3859 1123 3924 nihil
1153 3860 1194 3923 de

147 3967 237 4026 sexto
267 3984 327 4027 nec
365 3963 405 4026 de
445 3962 660 4027 Clementinis
693 3963 821 4048 legitur,
857 3969 891 4027 et
924 3958 1192 4047 [nihilominus]¹

148 4064 287 4128 multum
301 4065 470 4130 omittitur
484 4065 524 4128 de
539 4065 693 4150 antiquis,
711 4072 749 4129 ut
767 4065 993 4141 Universitati,
1010 4062 1195 4150 legentibus

150 4167 267 4251 pariter
289 4172 324 4232 et
346 4167 564 4245 audientibus,
588 4166 763 4232 salubriter
785 4173 982 4243 succurratur,

190 4268 367 4336 secaveram
398 4276 451 4346 est,
476 4270 563 4355 quod
597 4270 706 4356 legens
740 4270 902 4334 ordinarie
929 4269 1105 4335 decretales
1136 4267 1396 4333 subl⁰f2¹¹⁰st¹²¹¹ffl=

1209 4321 1250 4363 the
1258 4316 1369 4361 decretale
1377 4313 1424 4358 aad

153 4391 244 4455 poena
265 4376 398 4436 eentum
421 4372 598 4437 solidorum
621 4372 792 4459 obligetur,
817 4372 905 4459 quod
920 4395 1035 4460 perse,
1056 4379 1090 4438 et
1105 4377 1199 4437 extra
1209 4368 1411 4464 {glffigglssghffip

173 4532 199 4539 -ω
204 4533 228 4541 -o
236 4535 287 4541 ——-
291 4535 302 4541 -
310 4535 377 4542 -..---

479 4625 590 4675 Written
603 4640 663 4674 orer
676 4640 708 4675 an
720 4640 820 4675 erasure
831 4625 857 4675 in
869 4624 901 4675 B.
