3090 5490
250 728 345 777 amm
369 723 600 774 carceratam
625 726 666 773 nr
690 725 978 775 raocuaaroauu.
1077 712 1143 779 317

91 937 192 1000 quam
228 918 348 1000 quarta
383 914 454 979 vice
478 912 698 999 quadruplare
730 918 872 994 tenetur,
895 936 955 1000 pro
985 917 1144 1000 perpetuo

91 1018 277 1084 banniatur.

141 1179 355 1246 ordinatum
394 1187 440 1245 est
474 1179 626 1264 iusuper,
666 1179 755 1266 quod
787 1180 897 1246 nullus
935 1203 994 1267 pro
1033 1181 1146 1267 aliqua
1157 1189 1361 1296 iltltffihssl

92 1284 351 1370 transgressione
377 1283 509 1359 citatae,
541 1288 600 1346 aut
631 1283 748 1368 quovis
778 1284 844 1348 alio
870 1285 969 1349 modo
999 1289 1144 1362 vocatus,
1158 1297 1376 1388 pgpgffifflshff

92 1386 207 1451 venire
238 1390 418 1473 praesumat
451 1384 495 1449 ad
524 1384 699 1450 dominum
727 1384 967 1451 Cancellarium
998 1386 1051 1451 vel
1075 1386 1147 1472 ejus
1159 1394 1374 1495 ggllgpppgggied

93 1490 371 1566 commissarium,
394 1489 451 1575 qui
483 1510 542 1576 pro
573 1492 720 1574 tempore
742 1489 851 1566 fuerit,
876 1512 918 1555 ex
952 1512 1147 1577 quoeunque
1160 1496 1226 1589 321⁰
1226 1507 1294 1598 ἓξὲξ
1294 1495 1368 1592 353,

91 1592 208 1669 colore,
224 1592 340 1678 majori
355 1613 492 1656 numero
504 1612 603 1676 quam
626 1614 660 1655 se
684 1591 793 1669 tertio,
810 1591 872 1656 sub
895 1592 1016 1658 eisdem
1031 1593 1147 1679 poenis,
1160 1595 1376 1690 fflffifflsst‘lgsslfi

92 1695 240 1784 personis
271 1693 609 1770 contravenientibus,
632 1694 812 1758 secundum
844 1694 982 1759 eandem
1013 1694 1286 1760 distinc-Wnssllifflt

90 1799 217 1863 tionem
233 1819 443 1884 personarum
459 1795 669 1882 praemissam,
685 1817 752 1860 non
767 1796 934 1861 immerito
950 1796 1147 1883 infligendis,

90 1900 159 1964 nisi
182 1900 279 1965 aliter
303 1898 456 1965 dominus
481 1897 706 1964 Cancellarius
727 1898 782 1963 vel
803 1898 873 1983 ejus
896 1898 1148 1965 Commissarius

90 2004 294 2068 siccitatum
310 2003 365 2067 vcl
380 2007 533 2066 vocatum
550 2024 593 2066 ex
608 2001 719 2086 aliqua
741 2023 839 2066 eausa
861 2001 1012 2089 legitima
1034 2004 1148 2067 venire

91 2104 308 2170 mandaverit.

138 2266 233 2344 Item,
261 2263 465 2329 ordinatam
496 2270 550 2343 est,
583 2265 672 2349 quod
701 2264 837 2328 nomina
859 2265 1063 2352 singidorum
1094 2267 1348 2332 do-snrasnames

90 2368 316 2455 linquentium
346 2367 382 2430 in
409 2366 519 2450 aliquo
546 2367 797 2452 praemissorum,
821 2389 987 2432 unacum
1010 2391 1147 2435 numero
1160 2340 1367 2453 iiilbiiilibpo

91 2477 128 2537 et
158 2470 264 2534 modis
295 2469 592 2554 transgressionum
625 2491 758 2532 suarum
781 2491 819 2563 ac
843 2471 972 2554 quoties
1003 2441 1374 2557 delique-dishoihbdiim’

91 2575 171 2650 rint,
206 2573 241 2636 in
273 2573 412 2659 registro
448 2570 645 2636 cancellarii
679 2571 733 2636 vel
761 2571 1015 2637 Procuratorum
1047 2575 1146 2662 regis-
1159 2541 1358 2683 ililtisslff

90 2680 233 2740 trentur.
1159 2643 1350 2786 ffilr‘lls

138 2836 235 2911 luat,
274 2832 479 2899 ordinatam
516 2840 570 2910 cst,
609 2835 696 2918 quod
728 2833 869 2920 quilibet
903 2834 1075 2900 convictus
1107 2837 1148 2901 de
1159 2850 1211 2945 gp]
1213 2863 1331 2954 apprimo
1332 2915 1357 2945 n·

91 2937 204 3022 aliquo
227 2935 403 3002 criminum
426 2941 486 2999 aut
502 2957 694 3000 excessuum
717 2937 958 3022 praedictorum,
981 2937 1009 3001 si
1032 2939 1074 3002 ad
1096 2952 1343 3053 re-pfflitippfvre.

93 3040 307 3125 quisitionem
345 3037 541 3104 Cancellarii
575 3038 629 3102 vel
663 3038 733 3123 ejus
767 3038 991 3105 commissarii
1023 3041 1146 3105 socium
1158 3052 1375 3155 Qfflssgrsffi

92 3141 148 3206 vel
171 3142 274 3206 socios
297 3162 406 3205 secum
422 3141 459 3203 in
474 3140 664 3224 hujusmodi
688 3141 876 3206 excessibus
899 3146 933 3207 et
955 3142 1148 3207 criminibus
1159 3154 1258 3247 gptfppffi
1262 3155 1365 3248 {mh

92 3243 360 3330 comparticipem
383 3242 437 3306 vel
460 3243 719 3330 comparticipes,
736 3250 927 3330 coagentem
942 3245 995 3310 vel
1012 3267 1147 3333 coagen-
1159 3255 1360 3358 mggffi,

94 3354 154 3423 tes,
172 3346 200 3410 si
223 3346 368 3431 aliquem
393 3345 447 3409 vel
471 3344 599 3431 aliquos
621 3345 809 3423 habuerint,
836 3347 980 3412 fideliter
1001 3350 1148 3414 revelare
1355 3339 1361 3355 ’

93 3455 130 3515 et
151 3451 301 3536 detegere
324 3449 533 3524 recusaverit,
549 3449 677 3512 easdem
695 3471 818 3535 poenas,
843 3451 1022 3516 secundum
1043 3453 1147 3537 quali·

92 3559 180 3618 tates
211 3558 245 3617 et
277 3551 480 3616 conditiones
513 3573 723 3636 personarum
757 3552 906 3638 superius
934 3559 1147 3639 expressatas,

92 3655 259 3720 incurrere
281 3658 316 3718 et
338 3653 447 3717 subire
470 3658 631 3718 teneatur.

140 3814 195 3880 Ad
226 3814 383 3900 majorem
415 3812 637 3879 executionis¹
671 3815 878 3901 diligentiam
905 3815 942 3878 in
971 3816 1148 3901 praemissis
1227 3826 1262 3877 A.
1276 3833 1316 3878 ea

93 3918 317 3983 adhibendam
359 3916 435 3982 vult
473 3918 685 3984 Universitas
730 3916 907 3994 antedicta,
950 3919 1039 4002 quod
1081 3941 1149 3984 una
1167 3893 1362 4012 043329'119·

94 4021 196 4086 tertia
218 4021 440 4105 cujuscunque
464 4041 602 4084 summm
626 4020 774 4083 levandae
797 4041 856 4103 pro
880 4021 1307 4106 transgressioni-munuae

93 4126 158 4188 bus
179 4125 346 4210 praedictis
362 4123 457 4187 cedat
473 4124 507 4186 in
522 4145 618 4187 usum
635 4122 830 4187 Cancellarii
846 4123 900 4187 vel
915 4125 1148 4208 exequentium
1160 4093 1375 4238 Ξόξῗὲἆέἒὲξὲἕὶῑΐη

94 4229 184 4291 vices
199 4249 274 4291 suas
297 4227 333 4289 in
356 4226 523 4290 levatione
547 4226 710 4291 dictarum
726 4226 950 4311 pecuniarum,
967 4227 1032 4290 alia
1051 4230 1151 4293 tertia
1161 4244 1365 4338 {ppptpftpppono

94 4331 131 4393 in
155 4351 233 4394 usus
260 4330 513 4395 Procuratorum
539 4329 590 4393 vel
616 4329 850 4414 exequentium
868 4329 957 4394 vices
984 4345 1344 4439 sua⁸i⁸1⁰2ss¹55ss¹ffiw

94 4440 208 4498 tamen
232 4433 322 4518 quod
350 4431 390 4496 de
406 4431 555 4516 quolibet
579 4432 684 4497 solido
707 4432 895 4497 earumdem
920 4434 1060 4498 duarum
1084 4440 1362 4541 ter-ppgcttlpgrppttpp

509 4680 514 4708 ¹
529 4681 696 4737 executionem,
707 4681 741 4730 A.
