3036 5468
388 664 453 727 208
551 677 647 727 araur
670 674 898 728 cruentatus
923 676 966 726 nr
989 673 1282 730 ruoouasrosuu

386 856 551 939 temptum
573 852 732 918 sermonis
763 851 869 917 divini
901 856 936 917 ct
969 851 1005 916 in
1036 852 1210 938 perniciem
1243 851 1448 923 animarum.

160 967 352 1061 thustbrpfflrpe
385 956 452 1039 qui,
469 956 744 1042 quemadmodum
764 956 886 1022 citatus
908 955 1016 1020 idiota
1036 956 1169 1021 auditas
1190 977 1289 1023 voces
1311 955 1447 1043 effigiat,

160 1021 263 1062 torono

160 1032 365 1163 bibiti&
384 1058 431 1123 sic
461 1059 544 1124 tales
572 1059 762 1124 recitatores
785 1059 873 1122 fiunt
899 1057 1047 1123 omnium
1071 1058 1258 1145 nulliusque
1282 1064 1446 1137 auctores,

160 1168 323 1219 wambe
383 1158 511 1225 ‘asinam
534 1159 694 1225 Balaham
717 1157 908 1240 imitantes,¹
933 1180 1016 1245 quse,
1039 1159 1117 1225 licet
1137 1165 1223 1226 esset
1241 1159 1451 1227 intrinsecus

160 1219 345 1315 ffilffibbld
385 1260 561 1341 insensata,
600 1262 715 1348 lingua
744 1265 855 1326 tamen
891 1261 1039 1338 discreta,
1070 1261 1159 1328 facta
1195 1268 1246 1328 est
1272 1262 1448 1351 prophetes

386 1361 552 1450 magistre,
584 1364 642 1449 qui
672 1361 780 1441 etiam,
812 1360 955 1453 quadarn
985 1364 1240 1450 praesumptione
1269 1369 1307 1430 et
1335 1370 1449 1431 status

384 1464 564 1530 ambitione
586 1463 781 1541 laborantes,
804 1462 942 1549 pileum⁹
963 1464 1153 1550 magistrale
1175 1466 1349 1531 immaturi
1364 1488 1450 1554 prte-

384 1566 523 1653 ripiunt,
545 1565 696 1652 fiuntque
729 1564 899 1630 facultatis
932 1564 1057 1632 divinae
1088 1566 1222 1654 plurimi
1245 1566 1450 1655 professores

385 1668 525 1755 indigni,
548 1690 649 1754 quam
674 1689 884 1753 nequaquam
914 1689 974 1754 pro
1004 1689 1099 1755 posse
1132 1668 1340 1755 pedetentim
1371 1692 1450 1758 per-

385 1774 570 1849 transeunt,
594 1770 650 1835 sed
666 1769 708 1834 ab
725 1768 1011 1834 Universitatibus
1026 1790 1084 1856 per
1104 1768 1218 1834 literas
1233 1770 1448 1839 dominorum

386 1873 510 1958 gratias
548 1877 793 1956 extorquentes,
833 1871 876 1936 ad
915 1870 1024 1936 instar
1061 1893 1233 1958 caprarum
1270 1872 1449 1939 saltatim³

385 1974 577 2051 ascendunt,
601 1978 644 2050 ct,
668 1996 742 2039 oum
765 1995 881 2060 parum
913 1973 953 2038 do
976 1973 1096 2060 granth
1119 1978 1265 2040 torrente
1287 1982 1449 2061 gustave-

386 2076 465 2153 rint,
488 2098 523 2141 so
546 2080 654 2140 totum
680 2073 854 2141 funditus*
876 2074 1049 2155 sorbuisse,
1071 2075 1130 2139 vix
1145 2075 1297 2141 saucibus
1311 2077 1450 2144 humec-

386 2176 476 2242 tatis.
520 2177 603 2242 Hoeo
618 2183 701 2241 saort
716 2176 865 2242 uoott'tto
874 2200 888 2255 ,·
910 2176 1014 2242 frater
1029 2176 1213 2242 molanus
1229 2176 1449 2246 Lmuem

387 2279 510 2364 incepit
546 2278 579 2342 in
607 2278 774 2365 theologia
795 2301 854 2365 per
877 2277 991 2344 literas
1012 2278 1139 2343 domiui
1161 2279 1329 2367 principis,
1352 2282 1451 2368 eujus

386 2381 497 2467 gratia
519 2379 742 2445 conditionata
763 2379 830 2445 fuit
852 2379 940 2466 quod
973 2380 1132 2466 inciperet
1162 2387 1198 2446 et
1218 2403 1287 2446 non
1309 2381 1450 2471 legeret,

386 2484 444 2548 sed
470 2482 557 2569 quod
580 2482 684 2547 frater
707 2481 876 2547 lohannes
901 2481 1037 2547 Nutone
1058 2483 1273 2568 praedeeessor
1296 2505 1380 2550 suus
1402 2486 1451 2553 sic

386 2585 478 2672 prius
492 2584 683 2673 procederet
697 2584 733 2649 in
747 2583 905 2671 legendo:
923 2583 1072 2670 Itemque
1086 2584 1189 2650 frater
1203 2583 1451 2654 Gwnlonws‘

385 2704 433 2753 nn
474 2688 665 2764 limosano,
708 2685 749 2750 de
794 2685 908 2751 ortline
953 2685 1130 2764 Minorem,
1174 2686 1230 2772 qui
1278 2708 1315 2753 se
1360 2690 1452 2778 regis

386 2788 509 2857 Siciliae
542 2788 754 2854 secretarium
786 2809 855 2853 esse
887 2787 1035 2867 asseruit,
1070 2808 1128 2874 per
1164 2787 1280 2854 literas
1318 2790 1450 2857 domini

387 2892 486 2977 Regis
501 2891 543 2956 ab
554 2889 784 2956 Universitate
796 2888 1072 2974 quemadmodum
1088 2889 1272 2976 theologico
1285 2891 1450 2960 facultate

386 2993 529 3078 gratiam
551 2992 594 3057 ad
617 2990 848 3078 opponendum
872 2991 1022 3057 extorsit.

477 3229 676 3294 Ruvocarro
701 3242 866 3306 ousnnu,
891 3243 999 3294 raom
1022 3245 1089 3294 rsa
1111 3228 1145 3297 J.
1169 3226 1349 3296 Famam.

189 3369 258 3421 M)-
273 3374 345 3421 ¹³⁵8·
430 3368 705 3449 Meowturtoluot,
730 3369 818 3454 quod
843 3390 930 3434 anno
959 3368 1096 3433 Domini
1120 3368 1294 3434 millesimo
1317 3374 1449 3436 trecen-

159 3446 364 3544 ffiigssffl
384 3472 501 3536 tesimo
516 3470 786 3557 quinquagesimo
802 3474 928 3549 octavo,
944 3475 1092 3557 tempore
1112 3469 1136 3534 J
1137 3471 1276 3535 ohannis
1292 3472 1448 3537 Hotbom

159 3552 372 3654 ffltlbllbtl
385 3573 587 3648 Oanoellarii,
599 3570 819 3636 existentibus
829 3571 1099 3637 Procuratoribus
1108 3571 1298 3639 Willhelmo
1308 3573 1450 3662 Deuby⁰

158 3651 419 3753 emiseras
436 3674 576 3738 utura
598 3672 800 3750 rourworu,
824 3673 860 3736 in
883 3673 999 3759 vigilia
1022 3673 1053 3739 s
1070 3673 1187 3738 Jacobi
1211 3674 1376 3761 Apostoli,
1401 3678 1450 3743 sic

158 3752 360 3851 llliiltilllt
384 3776 540 3841 convenit
562 3774 664 3838 frater
685 3773 709 3838 J
711 3772 912 3838 olrunnes⁷.
956 3822 964 3838 .
1010 3823 1017 3839 .
1065 3825 1071 3837 .
1109 3774 1247 3840 doctor⁷
1277 3826 1285 3842 .
1332 3825 1339 3841 .
1390 3829 1397 3843 .

158 3853 252 3893 writum
261 3854 319 3896 form
328 3854 353 3897 or

158 3903 309 3953 recantatiou,
397 3915 521 3924 --·--
544 3908 1444 3923 ”-”’“·“··-“··““··“““’“·“·”“·-“-·”“·“·

419 3984 425 4012 ¹
439 3984 551 4043 imitatos,
563 3980 620 4031 MS.
935 3979 1034 4029 written
1045 3995 1120 4042 upon,
1133 3994 1161 4029 so
1178 3981 1233 4029 that
1245 3979 1297 4031 itis
1314 3982 1378 4047 only
1391 4000 1449 4049 pos-

417 4060 542 4125 ²pilleum,
554 4059 613 4109 MS.
934 4058 997 4107 sible
1018 4064 1044 4107 to
1056 4058 1199 4122 conjecture
1210 4059 1268 4109 who
1287 4060 1333 4111 the
1353 4077 1448 4126 person

417 4139 569 4199 ’saltuatim
581 4138 638 4188 MS.
933 4152 993 4201 may
1025 4137 1064 4187 bc.
1116 4139 1143 4187 A
1165 4138 1291 4203 marginal
1317 4146 1380 4192 note
1415 4145 1451 4209 by

418 4218 427 4246 ⁴
436 4217 565 4282 panditur,
576 4215 633 4266 MS.
673 4215 780 4265 Aword
800 4215 822 4264 is
841 4214 890 4264 lost
934 4216 1035 4265 alatas
1057 4215 1133 4277 band,
1162 4218 1285 4282 probably
1315 4219 1449 4285 Twyuo's,

385 4296 452 4354 hero,
464 4295 586 4358 probably
594 4294 756 4359 protendunt.
935 4293 1017 4343 writes
1023 4293 1068 4344 Jo:
1077 4293 1194 4358 tt'tctlis,·
1203 4297 1254 4345 and
1262 4296 1324 4346 then
1331 4301 1450 4363 auotbcr,

419 4375 483 4425 ⁵Sic
495 4374 551 4423 MS.
565 4392 571 4422 :
594 4371 741 4423 Gilbcrtua?
936 4375 969 4437 by
981 4373 1087 4423 another
1104 4374 1182 4435 hand,
1194 4376 1265 4431 adds,
1284 4393 1333 4425 non
1351 4380 1452 4441 accedo,

420 4455 469 4501 ‘or
480 4451 575 4515 Dcrby.
940 4451 1014 4501 Wicli
1028 4469 1057 4500 us
1065 4454 1125 4502 enim
1137 4452 1257 4518 “stater''
1274 4471 1323 4507 aon
1331 4467 1398 4517 out,
1408 4459 1454 4510 reri

420 4531 496 4580 'Tho
515 4545 601 4594 sparos
619 4529 658 4578 sor
669 4529 711 4578 tho
728 4545 821 4591 uumcs,
835 4532 890 4591 bae,
935 4547 1012 4580 eoram
1025 4533 1184 4598 impupaator,
1195 4534 1218 4582 ιι·
1228 4534 1283 4597 quis
1292 4532 1370 4593 olias,
1382 4556 1453 4591 ‹rr-er.

387 4609 641 4670 valentianense
658 4609 722 4658 haro
741 4624 817 4658 never
827 4612 889 4659 beou
936 4611 1018 4658 riorus.
