3090 5490
388 717 433 779 46
546 731 642 780 LIBRI
664 730 897 780 caucsnnssn
921 731 963 779 ΕΤ
986 730 1275 781 Psocuanrontm

223 1047 309 1164 &gg
490 1054 717 1120 Rnrouursrro
737 1068 834 1118 mors
860 1069 965 1118 rurus
987 1052 1278 1119 Urrvrnsnrrnn
1303 1069 1347 1117 ur

225 1151 309 1231 csroJ
806 1155 1023 1221 Bunsnusss

194 1247 351 1390 agarico
435 1310 520 1376 Cum
549 1311 637 1376 inter
660 1309 900 1377 cancellarium
935 1314 971 1374 et
1005 1308 1175 1374 Scholares
1203 1309 1449 1377 Universitatis

160 1424 368 1528 ffiffiffiipfflr
391 1412 530 1479 Oxoniae
552 1435 595 1478 ex
617 1435 684 1477 una
698 1418 801 1499 parte,
817 1417 851 1477 et
868 1412 1026 1497 Majorem
1042 1415 1077 1477 et
1092 1411 1278 1498 Burgenses
1297 1413 1447 1499 ejusdem

160 1527 349 1630 affirm
392 1515 479 1581 villae
494 1538 537 1581 ex
559 1516 672 1596 altera,
693 1515 831 1580 diversae
847 1513 1072 1579 contentiones
1088 1519 1123 1579 et
1136 1515 1333 1597 exactiones,
1348 1538 1450 1605 super

159 1627 334 1729 fflffh‘ffln·
392 1619 587 1705 quibusdam
603 1617 851 1706 gravaminibus
873 1620 908 1682 et
929 1617 1134 1682 contumeliis
1148 1618 1225 1684 hinc
1241 1618 1319 1685 iude
1334 1619 1448 1700 illatis,

160 1728 343 1829 ffifflffl
392 1727 492 1788 motae
522 1722 670 1802 fuissent,
705 1721 838 1786 tandem
871 1742 978 1786 coram
1012 1721 1083 1806 ipso
1115 1721 1259 1786 Domino
1290 1722 1381 1810 Rege
1412 1731 1449 1789 et

160 1792 363 1930 ffifffflffffigg
392 1825 462 1910 ejus
484 1825 618 1890 consilio
640 1825 683 1889 ad
706 1824 967 1889 Pariiamentum
981 1836 1057 1909 post
1072 1822 1198 1889 Pascha
1211 1823 1319 1890 amno¹
1342 1825 1448 1913 regni,

160 1930 367 2025 ffifflfflffl
390 1926 545 1993 videlicet
566 1929 660 2014 regni
677 1927 775 2012 Regis
800 1926 958 1991 Edwardi
980 1927 1043 1991 filii
1066 1926 1166 2013 Regis
1189 1926 1334 2006 Henrici,
1358 1934 1449 1995 octe

160 2029 264 2076 ¹⁰¹¹m=
390 2031 524 2106 decimo,
551 2030 587 2094 in
617 2029 794 2116 praesentia
818 2028 1015 2094 Cancellarii
1037 2034 1072 2094 et
1094 2029 1300 2115 quorundam
1323 2031 1448 2118 Magis

388 2138 515 2197 trorum
552 2132 716 2219 praedictae
751 2130 992 2196 Universitatis
1029 2132 1209 2217 plenariam
1246 2137 1447 2219 potestatem

389 2233 591 2312 habentium,
614 2237 650 2298 et
680 2233 781 2298 etiam
805 2233 940 2319 Majoris
972 2238 1006 2299 et
1029 2233 1247 2320 Burgensium
1277 2236 1447 2322 praedictae

388 2337 478 2402 villae
499 2342 617 2401 mutuo
631 2336 916 2413 consentientium,
931 2336 1159 2402 contentiones
1181 2341 1216 2403 et
1238 2338 1448 2405 contumeliae

389 2460 599 2524 quaecumque
622 2437 799 2503 hincinde
822 2437 925 2504 illatae
955 2459 1058 2523 usque
1079 2437 1202 2505 festum
1225 2439 1258 2505 S.
1280 2439 1305 2505 J
1307 2440 1449 2506 ohannis

387 2547 464 2606 ante
488 2541 621 2607 Portam
645 2540 809 2618 Latinam,
836 2541 1034 2607 concedente
1061 2547 1097 2607 et
1126 2542 1352 2608 consentiente
1374 2544 1449 2631 ipso

390 2644 533 2710 Domino
557 2644 655 2730 Rege,
677 2646 713 2709 in
735 2642 823 2709 hunc
845 2644 980 2709 modum
1003 2644 1281 2730 conquieverunt:

160 2771 318 2833 ruemmsor
442 2746 611 2824 Videlicet,
633 2747 721 2832 quod
754 2768 866 2811 omnes
892 2747 1078 2812 exactiones
1100 2754 1135 2812 et
1161 2747 1341 2827 demandas,
1365 2770 1449 2834 quas

160 2823 373 2943 iiiiii'si'iriiiaher
391 2851 540 2938 praedicti
563 2849 783 2916 Oeneeliarius
806 2856 840 2915 et
861 2849 1031 2915 Scholares
1052 2848 1242 2916 habuerunt
1255 2852 1311 2915 vel
1325 2851 1449 2918 habere

161 2925 546 3039 cessissemusne
574 2974 688 3018 versus
722 2953 895 3038 praedictos
929 2952 1090 3038 Majorem
1122 2958 1157 3017 et
1189 2953 1382 3040 Burgenses‚
1412 2962 1449 3021 et

160 3023 320 3070 “mm
389 3055 490 3118 etiam
521 3054 610 3119 idem
632 3054 741 3140 Major
763 3059 798 3119 et
820 3055 1004 3141 Burgenses
1035 3055 1223 3121 habuerunt
1246 3057 1301 3122 vel
1324 3056 1449 3123 habere

388 3161 544 3241 poterunt
574 3178 687 3221 versus
725 3157 899 3241 praedietos
934 3156 1173 3223 cancellarium
1207 3163 1243 3223 et
1265 3158 1446 3237 Scholares,

388 3256 638 3343 quoquomodo²
662 3279 856 3344 quacunque
875 3260 1040 3324 occasione
1056 3281 1322 3346 quarumcunque
1336 3268 1447 3327 trans·

386 3361 599 3446 gressionum‚
624 3362 785 3447 usquein
807 3362 895 3427 diem
919 3362 1115 3448 praedictum
1145 3363 1222 3429 hine
1245 3364 1323 3430 inde
1345 3365 1450 3430 sacta-

387 3462 483 3526 rum⁸
506 3463 616 3548 quiete
649 3470 683 3527 et
716 3465 842 3549 integre
875 3465 1100 3544 remittantur,
1122 3466 1307 3547 irritentur,
1332 3473 1367 3532 et
1388 3469 1448 3533 sd·

386 3565 556 3631 nullentur
568 3590 576 3645 3
610 3566 734 3631 scilicet
769 3566 856 3650 quod
884 3567 1029 3632 Domino
1052 3567 1136 3654 Regi
1159 3575 1193 3634 et
1216 3570 1286 3655 ejus
1309 3570 1448 3635 consilio

386 3670 495 3733 visum
532 3674 590 3745 est,
625 3669 713 3754 quod
751 3692 809 3755 per
846 3671 1113 3756 compositionem
1143 3693 1200 3737 seu
1238 3673 1448 3738 concordiam

385 3772 577 3858 praedictam
600 3772 693 3836 nulla
715 3793 854 3857 persona
870 3771 1066 3858 singularis⁴
1081 3774 1123 3838 ab
1138 3774 1266 3839 satione
1282 3777 1449 3861 personali

386 3877 552 3941 occasione
582 3873 879 3961 transgressionum
911 3876 975 3939 sibi
1007 3876 1222 3961 personaliter
1255 3877 1449 3944 illatarum⁵

386 3980 489 4065 possit
511 3978 565 4042 vel
597 3977 717 4043 debeat
750 3977 899 4058 excludi3
932 3999 1123 4044 concessum
1144 3985 1192 4044 eat
1214 3986 1245 4045 ct
1263 3979 1450 4064 provisum

386 4082 473 4146 bona
507 4081 571 4145 fide
603 4080 680 4145 hinc
712 4081 789 4145 inde
822 4081 909 4167 quod
940 4102 999 4146 nec
1021 4082 1199 4167 praedietus
1222 4081 1449 4149 Cancellarius

421 4412 427 4440 ¹
441 4427 505 4459 anno
524 4411 589 4475 repis
607 4411 676 4475 regni
691 4409 822 4473 Edwards,
840 4417 891 4478 gu,
969 4416 978 4442 ³
988 4414 1126 4477 factarum,
1139 4412 1169 4462 B.
1183 4415 1234 4462 and
1246 4412 1274 4464 C.

387 4491 418 4540 Β.
431 4492 482 4540 and
494 4489 522 4540 C.
969 4495 977 4521 ⁴
989 4491 1148 4557 singularam,
1160 4492 1195 4541 A.

422 4573 578 4634 ²paocunqne
589 4568 702 4634 qrtomodo
717 4571 847 4632 occanere,
859 4572 889 4620 B.
969 4575 978 4602 ⁵
990 4571 1072 4628 illata,
1089 4572 1132 4633 Α.,
1145 4573 1184 4634 Β.,
1196 4573 1247 4622 aud
1260 4573 1288 4623 C.

386 4651 437 4700 and
448 4651 476 4699 C.
