3090 5490
308 748 402 797 unm
425 747 654 799 cmcnnmnn
678 749 720 798 nr
742 748 1030 802 nnocumronuu
1132 739 1195 807 179

141 921 291 987 debitam
323 923 556 989 correctionem
591 928 626 988 et
659 923 867 1010 punitionem
906 925 1048 1011 ejusdem
1085 926 1195 992 assiste

141 1025 262 1102 frsctae,
278 1046 353 1090 cum
371 1025 502 1107 finibus,
518 1027 672 1104 emendis,
690 1028 963 1106 amerciamentis,
985 1031 1020 1094 et
1042 1029 1196 1115 proficuis

140 1127 214 1192 aliis
236 1127 314 1193 inde
336 1127 633 1215 provenientibus.¹

186 1229 253 1295 His
267 1230 419 1296 omnibus
433 1237 467 1297 et
490 1232 628 1319 singulis
643 1233 829 1319 praemissis,
846 1255 921 1299 cum
936 1233 1082 1320 partium
1096 1233 1195 1299 modo

141 1336 176 1397 et
197 1332 303 1397 forma
324 1334 499 1421 praedietis,
523 1334 764 1401 concordatum
786 1342 832 1400 eat
862 1336 1013 1400 unanimi
1036 1358 1194 1401 consensu

140 1434 228 1501 inter
241 1441 352 1522 partes
366 1437 547 1522 praediotss,
564 1442 599 1503 et
620 1460 679 1524 per
699 1439 809 1524 ipsum
829 1437 1000 1503 dominum
1015 1439 1194 1504 Ricardum

140 1536 325 1623 specialiter
347 1561 534 1605 eoncessum
560 1562 620 1626 pro
643 1563 676 1605 se
704 1548 738 1605 et
761 1540 949 1606 haeredibus
971 1540 1047 1619 suis,
1072 1541 1109 1604 si.
1122 1541 1193 1627 pla-

140 1644 213 1704 ceat
247 1640 380 1706 domino
411 1641 503 1728 Regi,
536 1642 623 1728 quod
660 1642 749 1707 dicta
783 1642 995 1709 Universitas
1027 1641 1128 1707 libere
1159 1647 1194 1707 et

141 1741 261 1827 quiete,
286 1741 370 1807 bene
394 1744 485 1808 etin
507 1765 594 1829 pace,
626 1745 770 1831 gaudeat
795 1744 1060 1831 inperpetuum,
1091 1748 1125 1808 et
1155 1766 1194 1808 ea

139 1842 262 1910 habeat
284 1845 407 1930 absque
433 1846 682 1932 inquietatione,
717 1847 952 1926 molestatione,
976 1869 1034 1912 seu
1065 1852 1192 1912 eontra-

139 1946 283 2012 dictione
311 1969 505 2034 quacunque
531 1949 612 2014 dicti
638 1950 765 2014 domini
790 1948 924 2014 Ricardi
947 1949 1002 2013 vel
1024 1948 1193 2014 haercdum

138 2071 281 2127 suorum,
297 2071 356 2137 per
378 2072 412 2115 se
436 2056 496 2115 aut
511 2052 656 2117 Ballivos
679 2074 736 2117 seu
760 2052 930 2117 ministros
946 2073 1020 2117 suos
1034 2052 1088 2117 vel
1111 2052 1193 2116 alios

140 2173 369 2240 quoscunque:
386 2159 419 2219 et
442 2154 566 2240 absque
580 2154 649 2232 hoc,
665 2155 754 2241 quod
779 2155 886 2220 dictus
909 2154 1063 2218 dominus
1078 2153 1193 2219 Ricar-

140 2256 201 2321 dus
224 2255 280 2320 vel
309 2255 453 2321 haeredes
483 2257 544 2337 sui,
571 2264 630 2321 aut
655 2256 779 2322 Ballivi
801 2257 856 2322 vel
880 2256 1027 2321 ministri
1050 2256 1110 2337 sui,
1136 2278 1193 2321 seu

139 2357 196 2423 alii
218 2359 352 2424 nomine
374 2381 433 2424 suo
448 2360 501 2424 vel
524 2359 691 2425 haeredum
706 2381 847 2438 suorum,
863 2359 900 2423 in
915 2359 1004 2424 dicto
1022 2359 1193 2424 hundredo

139 2461 209 2527 sive
241 2462 398 2527 suburbio
428 2461 464 2525 in
486 2461 592 2527 forma
618 2462 777 2549 praedicta
803 2464 843 2526 de
870 2461 981 2548 aliquo
1012 2462 1194 2548 praemisso-

139 2587 213 2630 rum
240 2587 275 2631 se
306 2563 493 2651 aliqualiter
518 2563 638 2650 [ηοῐι]2
662 2563 901 2640 intromittant,
924 2569 958 2628 et
979 2563 1057 2628 licet
1087 2564 1195 2628 dictus

140 2668 292 2734 dominus
316 2666 477 2732 Ricardus
504 2666 557 2733 vel
580 2667 725 2733 haeredes
747 2668 799 2731 sui
823 2689 891 2731 non
913 2665 1056 2731 debcant
1078 2687 1137 2752 per
1160 2687 1194 2730 se

139 2793 197 2837 nee
219 2793 278 2858 per
304 2792 379 2836 suos
401 2770 624 2835 intromittere
649 2769 690 2835 de
713 2770 822 2856 aliquo
847 2769 1094 2856 praemissorum,
1119 2768 1195 2832 vult

138 2879 252 2939 tamen
274 2874 352 2960 ipse,
374 2894 434 2958 pro
462 2894 496 2937 se
522 2877 556 2936 et
586 2871 771 2938 haeredibus
801 2871 876 2950 suis,
904 2870 991 2957 quod
1017 2892 1129 2935 omnes
1158 2870 1195 2934 in

140 2976 229 3042 dicto
250 2973 423 3040 hundredo
446 2975 514 3039 sive
534 2974 701 3052 suburbio,
725 2979 765 3039 ut
786 2974 911 3039 dictum
931 2976 990 3054 est,
1006 2972 1185 3038 residentes

140 3100 237 3165 super
268 3077 320 3142 his
354 3076 504 3142 omnibus
535 3081 569 3142 et
594 3076 733 3163 singulis
758 3075 962 3142 Cancellario
987 3074 1085 3141 dict‘e
1109 3073 1195 3139 Uni-

138 3181 314 3259 versitatis,
339 3180 397 3265 qui
422 3202 481 3265 pro
512 3184 658 3265 tempore
690 3180 762 3256 erit,
795 3183 934 3266 pareant
959 3177 1130 3242 humiliter
1161 3181 1195 3242 et

138 3280 323 3360 intendant,
359 3280 459 3346 salvis
494 3281 581 3346 dicto
616 3280 748 3346 domino
772 3280 912 3346 Ricardo
943 3285 978 3345 et
1008 3279 1194 3346 haeredibus

138 3387 206 3450 suis
233 3384 385 3450 omnibus
408 3384 481 3448 aliis
497 3382 628 3468 juribus
652 3383 740 3448 dioto
763 3382 936 3449 hundredo
959 3383 1027 3447 sive
1048 3382 1193 3447 dominio

138 3510 198 3553 suo
221 3487 346 3552 ibidem
372 3486 623 3572 pertinentibus

184 3600 226 3664 In
250 3599 343 3684 cujus
364 3599 411 3663 rei
432 3598 659 3664 testimonium
673 3598 739 3661 uni
762 3597 849 3685 parti
871 3597 972 3682 hujus
995 3597 1191 3678 indenturae,

137 3724 237 3791 penes
259 3701 365 3767 dictos
391 3700 638 3781 cancellarium,
657 3701 840 3786 Magistros,
863 3704 898 3764 et
920 3699 1089 3765 Scholares
1115 3701 1194 3765 resi-

136 3804 238 3881 denti,
256 3805 363 3869 dictus
383 3804 537 3867 dominus
552 3803 712 3868 Ricardus
728 3803 873 3890 sigillum
898 3824 992 3866 suum
1018 3802 1193 3888 apposuit3

136 3907 234 3973 alteri
268 3928 346 3971 vero
380 3907 476 3993 parti,
513 3928 613 3992 penes
648 3907 773 3970 dietum
808 3905 987 3969 Ricardum
1023 3903 1190 3979 residenti,

136 4009 283 4095 sigillum
314 4030 484 4073 commune
510 4008 608 4073 dictae
632 4007 871 4073 Universitatis
907 4010 957 4070 est
990 4026 1191 4092 appensum3

135 4112 190 4175 his
220 4111 369 4190 testibus,
403 4110 648 4175 venerabilibus
677 4110 831 4197 patribus
858 4108 1003 4173 Domino
1029 4107 1052 4171 J
1054 4107 1191 4186 ohanne,

136 4214 202 4278 Dei
217 4213 324 4300 grstia
342 4212 595 4299 Archiepiscopo
616 4212 825 4292 Eboraeensi,
841 4211 972 4297 Angliae
995 4210 1139 4277 Primate
1159 4216 1194 4276 et

135 4316 359 4396 Cancellari03
374 4314 572 4395 willhelmo,
584 4315 646 4380 Dei
662 4315 770 4401 gratia
780 4315 1006 4379 Wintoniensi
1022 4314 1193 4400 Episcopo

172 4629 179 4660 ¹
193 4630 262 4680 Here
279 4630 323 4680 the
342 4636 440 4681 extract
457 4629 483 4678 in
495 4630 525 4682 B.
544 4630 595 4679 and
616 4629 644 4680 C.
724 4630 792 4676 2πονι
804 4626 825 4677 is
836 4626 939 4677 omitted
948 4628 1013 4676 stom
1024 4625 1068 4676 the
1080 4625 1137 4674 MS.

134 4710 209 4761 ends.

986 4787 1058 4848 MR
