3036 5468
331 676 397 739 194
497 687 592 736 nrsnr
614 686 844 737 cnseamsnn
867 687 909 735 ar
931 683 1227 739 rsoeunsroauu.

330 863 442 940 altero,
467 882 536 925 rem
561 864 669 926 ratam
689 859 803 925 baberi
830 866 865 925 et
884 858 1070 944 judicatum
1097 858 1181 923 solvi
1203 856 1267 923 sub
1289 854 1391 943 hypo·

332 962 559 1028 theatrorum
592 969 778 1027 nostrarum
800 962 1026 1048 promittimus
1052 960 1178 1048 pariter
1200 964 1237 1026 et
1258 957 1390 1046 exponi-

335 1086 410 1129 mus
420 1064 606 1142 cautiones;
624 1064 660 1128 in
672 1065 764 1151 eujus
775 1064 823 1129 rei
839 1063 1066 1129 testimonium
1081 1063 1228 1148 sigillum
1243 1066 1392 1128 nostrum

337 1188 508 1233 commune
530 1167 748 1252 praesentibus
771 1165 990 1253 apposuimus.

385 1329 514 1395 Datum
536 1329 626 1416 apud
650 1328 816 1394 Oxoniam
849 1327 1092 1393 undevicesimo
1116 1325 1171 1390 die
1193 1324 1286 1406 Maii,
1309 1344 1394 1390 anno

341 1431 479 1497 Domini
501 1431 675 1498 millesimo
697 1429 928 1498 trecentesimo
951 1428 1225 1516 quinquagesimo
1248 1426 1394 1517 septimo.

344 1748 420 1814 Tan
442 1763 582 1815 iurans
604 1764 816 1814 raascruaao
839 1763 884 1811 rr
906 1763 977 1810 rsa
999 1747 1131 1812 Brsaor
1163 1761 1208 1810 or
1232 1744 1397 1819 mosas,

560 1879 603 1927 ro
626 1879 669 1926 aa
691 1876 788 1926 uana
811 1877 856 1926 ar
879 1877 948 1926 rsa
970 1861 1178 1925 Townsurr.

115 2060 293 2162 mma
391 2040 436 2104 Et
458 2038 646 2124 hujusmodi
672 2039 907 2125 poenitentiam
939 2036 1173 2124 recipientibus
1199 2034 1397 2114 ordinamus,

117 2157 318 2257 swgrplmstffi
344 2145 379 2205 et
401 2140 604 2226 injungimus
627 2139 758 2218 eisdem,
785 2141 821 2204 in
852 2161 1008 2227 personas
1040 2143 1292 2226 procuratorum
1318 2159 1398 2227 pra·

116 2258 326 2361 mensum
345 2242 514 2318 dictorum,
549 2243 638 2328 quod
676 2241 814 2329 singulis
851 2242 948 2307 annis
985 2242 1022 2305 in
1055 2246 1253 2328 perpetuum
1287 2240 1398 2306 eadem

117 2359 293 2457 pprpcanttphpexli
347 2343 572 2420 communitas,
596 2366 656 2430 pro
688 2344 863 2410 animabus
898 2344 1089 2409 elericorum
1122 2348 1156 2408 et
1190 2343 1332 2408 aliorum
1364 2341 1399 2406 in

117 2460 322 2558 ffliiiiiiii'
347 2445 436 2511 dioto
470 2446 626 2511 conflictu
649 2446 835 2524 occisorum,
859 2468 964 2511 unum
995 2445 1259 2511 anniversarium
1292 2445 1346 2511 die
1368 2441 1399 2509 S.

117 2540 328 2660 plemma
347 2548 558 2614 Scholastica}
581 2549 729 2636 Virginis
752 2549 788 2613 in
812 2549 946 2614 ecclesia
968 2548 1000 2614 S.
1025 2548 1141 2613 Mariae
1157 2546 1301 2614 Oxoniae
1323 2545 1400 2611 faei-

117 2660 318 2761 gioffipatghbzllbo
346 2658 406 2717 ant
429 2651 594 2732 celebrari,
622 2651 657 2716 in
682 2673 747 2737 qua
770 2651 879 2737 Major
910 2651 1008 2716 dictae
1031 2650 1128 2728 villar,
1153 2650 1211 2736 qui
1234 2646 1319 2715 erit¹
1344 2669 1400 2736 pro

118 2767 218 2822 amnt
344 2760 501 2841 tempore,
524 2761 560 2821 et
582 2753 706 2819 Ballivi
728 2775 766 2818 ac
789 2753 963 2840 sexaginta
985 2753 1043 2817 alii
1057 2753 1131 2833 viri,
1155 2752 1298 2839 majores
1320 2750 1401 2838 ejus·

345 2856 421 2922 dem
436 2856 536 2933 villae,
546 2855 649 2942 juxta
670 2878 795 2921 morem
818 2856 993 2941 antiquum
1014 2855 1162 2941 praefatae
1178 2850 1402 2920 Universitati

341 2959 458 3042 jurati,
493 2957 582 3023 dicto
615 2958 668 3023 die
702 2958 746 3022 ad
777 2957 952 3043 praefatam
987 2956 1155 3022 ecclesiam
1188 2955 1403 3041 personaliter

345 3059 546 3125 conveniant
569 3074 603 3124 et
625 3060 791 3138 accedant,
809 3065 843 3126 et
866 3081 924 3146 pro
948 3058 1120 3123 animabus
1135 3058 1302 3123 dictorum
1326 3056 1403 3123 ocei-

346 3183 456 3226 sorum
478 3183 580 3225 unam
604 3163 738 3227 missam
754 3185 828 3228 cum
844 3162 991 3227 Diacono
1007 3167 1041 3225 et
1057 3159 1265 3226 subdiacono
1281 3161 1404 3226 saciant

346 3262 416 3327 ibi2
439 3263 506 3327 suis
530 3264 717 3349 sumptibus
733 3265 925 3330 solemniter
940 3264 1105 3337 celebrari,
1121 3268 1156 3328 et
1172 3263 1403 3328 Proomatores

348 3364 597 3443 Universitatis,
621 3366 649 3429 si
672 3367 830 3433 interesse
854 3364 1042 3442 noluerint,8
1057 3388 1132 3430 suas
1155 3365 1257 3430 tuno*
1279 3365 1403 3430 ibidem

347 3468 527 3533 exhibeant
558 3469 752 3555 praesentias
791 3470 982 3555 personales,
1015 3469 1070 3554 qui
1099 3469 1258 3533 laieorum
1290 3466 1403 3553 hujus·

348 3569 438 3635 modi
461 3575 541 3635 tunc
570 3571 757 3636 absentium
790 3571 1030 3637 contumaciam
1053 3571 1215 3657 Episcopo
1240 3570 1405 3635 Lincolni·

349 3673 428 3749 ensi,
445 3673 503 3758 qui
526 3678 576 3738 est
597 3675 704 3759 etqui
727 3674 792 3739 erit
815 3697 874 3760 pro
897 3680 1053 3761 tempore,
1070 3674 1205 3738 valeant
1228 3673 1405 3753 intimare;

349 3775 495 3861 dictique
517 3775 594 3840 laici
620 3798 734 3840 omnes
769 3781 804 3841 et
826 3776 949 3863 singuli
983 3775 1139 3840 intersint
1171 3775 1270 3840 dictae
1298 3775 1405 3840 missae

349 3879 391 3942 ab
414 3878 516 3963 ipsius
539 3878 701 3965 principio
724 3901 828 3964 usque
850 3878 887 3942 in
909 3879 1017 3956 finem,
1034 3883 1076 3957 et,
1093 3882 1169 3964 post
1184 3877 1405 3964 Evangelium

124 4000 316 4046 maerentem
349 3980 453 4065 ipsius
475 3982 584 4046 missae
608 3981 737 4059 lectum,
761 3986 909 4068 tempore
926 3980 1086 4046 offertorii
1102 3979 1244 4065 quilibet
1259 3980 1404 4065 ipsorum

125 4054 181 4107 high
190 4053 249 4096 altar
257 4052 312 4095 meh

124 4115 265 4198 323th
273 4101 334 4203 ffiry
349 4081 507 4147 laicorum
542 4083 659 4149 offerat
693 4085 729 4147 in
761 4107 881 4171 magno
916 4083 1015 4148 altari
1047 4081 1189 4148 eeclesiae
1221 4082 1404 4168 praelibatae

124 4204 320 4258 succensuim-
351 4206 454 4248 unum
470 4181 667 4265 denarium}⁵
690 4186 730 4250 de
754 4210 820 4272 qua
843 4187 1009 4251 oblatione
1034 4185 1256 4271 quadraginta
1280 4183 1405 4251 denarii

400 4374 415 4379 .-
421 4374 465 4380 -..
709 4376 716 4381 .
724 4376 783 4382 ...---
793 4373 1043 4383 ..-..-.-.-.—--·

386 4485 393 4512 ¹
397 4484 488 4546 fuerit,
500 4484 531 4534 B.
936 4487 1030 4546 ‘eirca
1040 4483 1074 4533 A.

385 4563 395 4591 ²
405 4562 435 4614 B.
448 4563 521 4613 omits
533 4563 572 4613 ibi.
936 4579 945 4608 ⁸
956 4579 990 4629 D.
1002 4579 1077 4629 omits
1088 4575 1222 4629 denarium.

386 4643 396 4671 ⁸
406 4640 494 4703 colunt,
505 4643 536 4693 B.
