3036 5468
275 736 370 786 araur
393 736 626 787 carcanum
650 738 694 786 rr
715 736 1005 788 amurcam
1120 724 1162 787 2⁹

108 1056 251 1125 Laruas
284 1056 423 1121 Domi
455 1056 581 1122 Parn¹
617 1074 768 1122 araucas
801 1074 939 1122 uranus
979 1057 1163 1122 Earscorrs
1184 1067 1374 1141 [annm]

203 1175 529 1225 cossnavsroaraus
551 1178 664 1226 ursus
694 1176 940 1226 ramacrroxrs
970 1178 1013 1226 rr
1042 1175 1157 1227 arcus

205 1277 508 1329 oosnmnoxrs

158 1429 375 1497 Innocentius
396 1432 584 1519 Episcopus,
607 1454 721 1497 servus
739 1454 909 1498 seruorum
928 1434 1002 1510 Dei,
1024 1454 1158 1499 venera-
1144 1459 1358 1557 -τιωψιι

106 1533 237 1598 bilibus
257 1534 415 1600 fratribus
433 1534 654 1600 Londoniensi
676 1544 710 1600 ct
732 1535 958 1602 Salesbirieasi
980 1511 1267 1623 Episcopum
1170 1512 1369 1616 &suffles

107 1635 254 1701 mluteru
277 1643 313 1701 et
335 1638 559 1754 Appstolicam
581 1638 852 1704 benedictionem
1169 1612 1319 1707 m?

159 1738 399 1819 Quaerentes
390 1764 425 1804 ra
455 1763 535 1827 agro
564 1740 765 1807 scholasticae
794 1742 977 1830 disciplinae
1014 1712 1353 1809 mamm-a

109 1843 329 1927 margaritam
359 1864 425 1907 non
454 1843 621 1908 immerito
651 1843 840 1930 Apostolico
862 1844 974 1908 lavore
995 1845 1160 1930 prosequi-

109 1965 200 2024 mur,
221 1952 256 2010 et
277 1943 399 2010 eisdem
428 1967 467 2010 ea
497 1946 704 2010 concedimus
729 1968 788 2032 per
816 1969 900 2033 quae,
923 1946 1062 2011 materia
1083 1945 1160 2010 sub-

109 2052 207 2112 mota
219 2049 431 2135 gravaminis,
441 2049 586 2133 ipsorum
601 2058 708 2112 status
722 2049 947 2134 tranquillitas
960 2054 1160 2136 procuretur.

111 2149 207 2214 Hinc
231 2156 282 2215 est
308 2150 396 2236 quod
421 2149 500 2227 Nos,
529 2150 724 2215 dilectorum
747 2151 890 2216 filiorum
922 2151 1162 2218 Universitatis

110 2250 349 2338 Magistroruna
372 2260 406 2317 et
429 2251 634 2318 Scholarium
660 2252 798 2320 Oxoniae
820 2254 1058 2321 lincolniensis
1080 2254 1160 2319 dioe-

109 2354 196 2419 cesis
226 2354 355 2419 devotis
388 2354 538 2442 precibus
569 2355 728 2436 inclinati,
757 2377 910 2442 personas
940 2378 1053 2422 eorum
1087 2379 1161 2422 curn

109 2455 268 2522 omnibus
288 2456 394 2536 bonis,
417 2479 492 2543 quae
513 2456 558 2521 ad
584 2479 639 2521 eos
669 2459 888 2523 communiter
916 2459 1161 2545 pertinentibus

108 2559 409 2645 impraesentiarum
441 2558 685 2625 rationabiliter
716 2560 896 2646 possident,
921 2567 982 2625 aut
1010 2560 1048 2624 in
1069 2560 1160 2625 fatu-

108 2684 189 2727 rum
206 2662 443 2747 justismodis,
472 2668 653 2749 praestante
676 2661 829 2740 Domino,
843 2663 992 2750 poterint
1013 2662 1160 2750 adipisci,

110 2764 177 2831 sub
199 2765 288 2831 beati
310 2764 401 2830 Petri
424 2770 458 2829 et
481 2764 617 2829 nostra²
633 2764 837 2851 protectione
862 2764 1018 2829 duximus
1039 2764 1161 2830 admit-

108 2867 242 2943 tendos,
270 2867 455 2954 specialiter
477 2872 589 2931 autem
611 2866 783 2931 libertates
805 2872 840 2930 et
861 2867 1090 2933 immunitates
1119 2868 1162 2934 ab

108 2970 292 3057 Episcopis,
311 2969 464 3055 Regibus,
480 2968 704 3056 Magnetibus,
722 2974 757 3034 et
779 2969 854 3033 aliis
870 2968 994 3034 Christi
1010 2969 1164 3036 fidelibus

110 3074 162 3137 eis
184 3072 248 3135 rite
270 3092 444 3151 concessas,
475 3072 561 3136 sicut
594 3095 633 3135 ea
667 3071 778 3136 omnia
802 3071 895 3155 juste
917 3093 955 3136 ac
986 3073 1165 3138 mtioaabi·

110 3175 194 3240 liter
208 3174 376 3252 obtinetis,
394 3180 428 3237 et
443 3195 501 3260 per
515 3195 571 3239 ecs
585 3195 698 3240 eorum
714 3174 953 3238 successoribus
968 3176 1164 3240 auctoritate

111 3275 310 3363 Apostolica
332 3275 488 3340 duximus
510 3275 741 3341 confirmanda
778 3275 938 3355 Quocirca
959 3276 1164 3342 fraternitati

108 3386 234 3444 vastrae
271 3401 328 3465 per
369 3379 560 3466 Apostolica
601 3379 724 3465 scripta
766 3377 962 3442 mandamus
1000 3385 1165 3465 quatenus

109 3481 243 3547 eosdem
266 3481 452 3568 Magistros,
470 3482 649 3558 Scholares,
672 3488 708 3546 et
724 3479 987 3545 Universitatem
1003 3504 1070 3547 non
1092 3504 1163 3568 per-

108 3583 260 3649 mittatis
281 3605 379 3669 super
401 3584 452 3647 his
474 3589 589 3649 contra
611 3583 825 3670 protectionis
847 3589 882 3648 ct
905 3583 1164 3648 confirma-tionis

109 3691 237 3752 nostrae
259 3692 406 3750 tenorem
429 3686 472 3751 ab
494 3685 660 3772 aliquibus
683 3685 831 3749 indebite
854 3685 1031 3765 molestari,
1047 3685 1163 3750 moles-

107 3793 238 3853 tatores
267 3787 455 3871 hujusmodi
485 3810 543 3874 per
572 3808 743 3853 censuram
774 3786 1030 3863 ecclesiasticam,
1054 3787 1163 3873 appel-

108 3889 237 3955 latione
260 3890 450 3977 postposita,
473 3889 716 3976 compescendo,
733 3910 802 3952 non
833 3888 987 3952 obstante
1009 3888 1038 3951 si
1059 3888 1160 3973 aliqui

108 4014 156 4058 ex
198 3991 328 4056 indulto
366 3990 558 4077 Apostolico
596 3991 872 4057 excommunicari
909 3994 968 4054 aut
1005 3989 1161 4056 interdici

108 4100 281 4180 nequeant
301 4094 356 4159 vel
378 4095 543 4180 suspendi,
566 4115 624 4159 seu
647 4102 745 4159 extra
767 4098 893 4157 certum
917 4092 1024 4157 locum
1047 4094 1090 4158 ad
1107 4096 1161 4179 ju-

107 4197 235 4263 dicium
257 4197 393 4261 evocari.
440 4196 511 4261 Nos
529 4197 616 4262 enim
632 4219 672 4260 ex
694 4216 783 4259 nunc
805 4194 1007 4260 decernimus
1029 4196 1159 4261 irritum

107 4308 147 4367 et
174 4300 281 4377 inane,
306 4300 334 4364 si
357 4298 436 4385 quid
459 4321 557 4386 super
581 4300 642 4364 hoc
669 4303 782 4362 contra
797 4297 1009 4384 protectionis
1029 4305 1063 4365 et
1087 4321 1159 4365 con-

778 4510 839 4517 .—.-
858 4511 1150 4520 ——-—0

146 4653 356 4723 ¹Papoeeneu
626 4653 632 4725 Ι
693 4655 876 4720 'mecam
959 4627 964 4637 ⁸
