3090 5490
395 700 439 763 32
551 713 647 763 LIBRI
669 711 896 765 caucnnnsnn
919 713 961 764 ΕΤ
983 712 1274 768 Puownaronun.

217 1020 313 1102 ‘aa
394 1035 639 1101 Innumnrrra
675 1048 813 1099 vrorum
849 1047 988 1099 urrann
1024 1049 1196 1100 concussa
1233 1047 1258 1099 a
1296 1035 1445 1102 Dosara

226 1119 259 1174 ⁰·
272 1123 311 1169 ²⁴·
481 1137 669 1204 Ocroscuo
704 1136 842 1201 Leuaro
873 1151 1029 1203 currens
1067 1152 1115 1202 ns
1146 1154 1210 1214 cur
1244 1151 1444 1208 rursusunr

479 1255 726 1306 carmennum
780 1239 966 1306 Musaeus
1019 1255 1085 1305 eno
1127 1241 1443 1310 Bnurrscrosrnus

479 1340 761 1411 Unrvnasrrarrs.

197 1521 263 1575 Ab.
277 1528 350 1575 raes.
436 1506 633 1588 Octobonus‚
658 1505 866 1574 miseratione
900 1507 1025 1574 Divina
1054 1505 1086 1574 S.
1111 1507 1252 1574 Adriani
1274 1507 1443 1578 Diaconus

162 1613 343 1660 ΟΜΝ
392 1611 586 1689 cardinalis,
600 1609 798 1698 Apostolieae
816 1609 901 1676 sedis
917 1609 1069 1698 Legatus,
1086 1610 1248 1677 universis
1263 1616 1444 1699 presentes

162 1665 372 1769 mewa
391 1715 504 1781 literas
526 1715 714 1802 aspecturis‚
737 1713 877 1779 salutem
898 1713 935 1779 in
956 1712 1072 1778 salutis
1095 1712 1246 1779 Auctore.

162 1767 348 1821 twentydmto

162 1817 357 1921 wgfflg‘s’
437 1816 530 1885 Licet
553 1816 597 1894 Is,
620 1817 661 1882 de
684 1816 776 1901 cujus
806 1837 940 1882 munere
963 1817 1057 1881 venit
1087 1822 1125 1881 ut
1152 1816 1223 1881 Sibi
1245 1838 1267 1882 a
1288 1817 1443 1885 fidelibus

161 1918 380 2022 fflglffil
392 1918 469 1986 Suis
502 1920 602 2007 digne
640 1942 678 1985 ac
710 1918 921 1984 laudabiliter
953 1917 1124 1997 serviatur,
1160 1920 1201 1983 de
1234 1918 1444 1988 abundantia

161 2019 379 2124 ffiffiffl}
391 2022 524 2110 pietatis
557 2022 641 2099 Sum,
675 2042 749 2108 quae
779 2022 901 2087 merita
923 2019 1082 2109 supplicis
1104 2021 1242 2099 excedit,
1269 2021 1332 2109 [et]
1363 2029 1447 2089 vota

160 2119 208 2216 {⁰⁰5¹
237 2122 358 2215 poppaea
390 2123 650 2192 benefactoribus
681 2124 757 2190 Suis
790 2123 960 2190 multoties
990 2123 1115 2210 majora
1146 2123 1309 2190 retribuat
1339 2146 1441 2213 quam

160 2222 327 2326 fflfylm
388 2227 523 2293 valeant
543 2228 728 2314 promereri,
743 2226 957 2294 nihilominus
972 2230 1085 2292 tamen
1100 2225 1323 2292 desiderantes
1337 2249 1442 2315 popu-

221 2348 310 2400 A.⁴s.
387 2329 458 2394 lum
473 2330 705 2417 acceptabilem
726 2329 870 2406 reddere,
892 2329 1018 2396 Christi
1039 2329 1151 2394 fideles
1173 2329 1217 2394 ad
1238 2329 1444 2416 complacen-

220 2416 253 2466 D.
266 2423 306 2468 ²⁵·
387 2433 466 2499 dum
498 2432 540 2498 Ei
567 2432 662 2520 quasi
693 2432 889 2519 quibusdam
921 2432 1074 2498 illectivis
1105 2431 1305 2510 muneribus,
1328 2433 1442 2500 indul-

386 2537 509 2625 gentiis
538 2536 661 2603 scilicet
688 2541 722 2601 et
756 2535 1012 2612 remissionibus,
1041 2534 1233 2615 invitamus,
1257 2540 1296 2600 ut
1318 2536 1443 2603 exinde

385 2640 567 2707 reddantur
589 2639 722 2706 Divinae
743 2639 859 2727 gratiae
881 2638 1031 2725 aptiores.

431 2743 514 2809 Cum
546 2743 668 2830 itaque,
701 2742 786 2808 sicut
817 2763 859 2807 ex
886 2745 981 2828 parte
1004 2739 1239 2827 Magistrorum
1262 2740 1441 2807 Universi·

383 2845 464 2911 tatis
499 2845 702 2911 Scholarium
732 2844 770 2909 in
802 2842 983 2909 Oxoniensi
1017 2842 1196 2930 municipio
1230 2842 1440 2910 studentium

383 2947 605 3013 Lincolniensi
620 2947 761 3022 dioecesi,
777 2945 845 3010 fuit
867 2945 1071 3033 propositum
1085 2966 1193 3010 coram
1215 2945 1318 3022 nobis,
1334 2944 1440 3011 iidem

382 3050 418 3113 in
441 3050 537 3114 certis
560 3048 701 3114 ecclesiis
723 3047 868 3132 ejusdem
890 3047 953 3113 loci
975 3047 1206 3113 convenientes
1228 3053 1295 3112 tres
1317 3048 1439 3114 missas

380 3173 440 3237 pro
472 3151 614 3215 Domino
648 3150 740 3237 Papa
775 3172 875 3227 sacro,
911 3151 1060 3215 Romana
1094 3150 1245 3228 Ecclesia,
1280 3149 1438 3216 Dominis

381 3253 471 3339 Rege
494 3276 532 3319 ac
555 3252 690 3340 Regina,
714 3275 827 3318 eorum
850 3253 971 3330 liberis,
995 3275 1032 3318 ac
1055 3273 1114 3339 pro
1141 3253 1266 3317 cunctis
1289 3252 1438 3338 ejusdem

383 3355 618 3422 Universitatis
640 3355 911 3432 benefactoribus,
927 3355 1022 3420 annis
1042 3355 1180 3442 singulis
1195 3364 1439 3423 consueverunt

381 3458 551 3536 celebrare,
576 3459 727 3523 omnibus
749 3480 826 3524 vere
857 3457 1105 3545 poenitentibus,
1129 3463 1162 3522 et
1190 3456 1352 3534 confessis,
1377 3460 1438 3544 qui

381 3563 423 3626 ad
445 3561 594 3627 ecclesias
618 3563 704 3648 ipsas
726 3561 917 3626 accedentes
939 3560 1106 3647 praedictis
1121 3558 1228 3624 missis
1250 3559 1439 3638 intererint,

380 3687 418 3730 ac
440 3665 638 3731 Trinitatem
660 3686 719 3751 pro
742 3663 909 3750 praedictis
931 3663 1104 3728 annuatim
1120 3663 1238 3728 devote
1253 3664 1437 3742 oraverint,

380 3768 504 3853 viginti
527 3767 595 3832 dies
618 3767 658 3832 de
682 3767 831 3852 injuncta
857 3765 921 3831 sibi
948 3765 1146 3851 poenitentia
1177 3764 1437 3832 misericorditer

378 3870 571 3935 relaxamus.

424 3973 548 4037 Datum
564 3972 650 4059 apud
662 3971 850 4057 Warwykc‚
862 3975 980 4056 quarto
993 3969 1119 4035 decimo
1131 3968 1260 4034 kalend.
1274 3968 1433 4057 Augusti,

378 4074 597 4140 Pontificatus
620 4074 755 4139 Domini
781 4073 961 4139 Clementis
993 4073 1091 4158 Papae
1123 4072 1233 4158 quarti
1266 4095 1355 4138 anno
1384 4098 1434 4140 se-

377 4176 491 4241 cundo.
