3090 5490
189 1429 223 1479 A.
236 1434 276 1480 47.

190 1497 222 1546 D.
235 1501 275 1545 2⁴.

356 682 400 746 28
516 694 610 744 mam
632 692 863 745 csscmmarr
886 696 929 744 rr
952 694 1241 748 rsoenasroauu

354 880 452 946 super
476 860 538 926 hoc
558 867 673 927 contm
702 861 916 949 protectionis
938 868 973 929 et
994 863 1253 931 confirmationis
1277 870 1403 932 nostrae

355 969 502 1028 tenorem
526 964 568 1029 ab
595 964 707 1051 aliquo
736 964 837 1031 fuerit
868 970 991 1032 temere
1017 971 1229 1032 attentatum.

399 1064 522 1131 Datum
547 1066 721 1154 Anagniae,
743 1068 884 1134 seeundo
906 1089 981 1136 non
1006 1068 1166 1151 Octobris,
1183 1069 1403 1137 Pontificatus

355 1167 459 1233 nostri
480 1189 569 1234 anno
591 1168 789 1236 duodecimo.

357 1417 511 1484 errnns
544 1418 678 1485 Dounu
712 1418 836 1485 ΡΜ
875 1436 923 1485 nu
959 1436 1198 1486 raorscrrorrr
1233 1434 1403 1487 noscamr

445 1521 720 1589 Uurvnssrmrrs
748 1538 1008 1600 scomsrroauu
1032 1540 1074 1588 nr
1096 1539 1403 1600 accursusnoamr

445 1641 487 1689 rr
508 1642 794 1692 cosrramrroan
817 1642 1039 1693 ursnsrnrun
1063 1643 1098 1691 m
1121 1641 1380 1692 coucsssssmr

138 1787 327 1854 napaeas]
401 1775 615 1846 Innocentius
638 1780 825 1869 Episcopus,
849 1803 962 1846 servus
984 1802 1153 1847 servorum
1171 1779 1246 1860 Dei,
1271 1779 1401 1845 dilectis

127 1877 311 1980 mmet
357 1878 434 1945 filiis
457 1881 694 1949 Universitatis
716 1883 949 1972 Magistrorum
973 1890 1007 1950 et
1031 1883 1234 1951 Scholarium
1257 1882 1400 1949 Oxoniae

127 2041 155 2121 ll

128 1978 324 2072 mmussde,
357 1982 593 2052 Lincoluiensis
616 1987 771 2066 dioecesis,
787 1987 926 2053 salutem
949 1994 984 2054 et
1005 1987 1229 2074 Apostolicam
1247 1984 1400 2052 benedie-

127 2031 338 2175 ,ffiffl
355 2087 489 2153 tionem.

400 2189 591 2271 Quaerentes
628 2191 664 2257 in
701 2214 779 2279 agro
809 2191 1010 2259 scholasticae
1040 2191 1220 2281 disciplinae
1249 2190 1398 2257 scientim

353 2293 566 2380 margaritam
589 2316 656 2358 non
678 2293 844 2360 immerito
875 2296 1066 2383 Apostoliea
1089 2296 1201 2361 favore
1230 2294 1401 2382 prosequi·

352 2417 435 2473 mur,
457 2400 492 2462 et
522 2396 644 2463 eisdem
674 2420 713 2463 ea
742 2397 949 2463 concedimus
971 2421 1030 2486 per
1054 2420 1136 2484 quae,
1161 2398 1300 2463 materia
1322 2396 1400 2464 sub-

353 2504 445 2563 mota
469 2499 678 2588 gravaminis,
709 2500 854 2587 ipsorum
884 2506 992 2567 status
1021 2499 1244 2586 tranquillitas
1278 2521 1395 2588 procu·

352 2607 450 2668 retur.
497 2603 587 2668 Hinc
620 2607 670 2669 est
704 2604 792 2690 quod
818 2602 856 2668 N
857 2625 900 2682 os,
936 2603 1056 2669 vestris
1086 2602 1215 2669 devotis
1246 2603 1401 2690 precibus

351 2704 514 2787 inclinati,
537 2728 691 2794 personas
713 2711 839 2773 vestras
861 2727 935 2772 cum
966 2705 1117 2771 omnibus
1139 2705 1235 2771 bonis
1258 2728 1334 2792 quae
1355 2704 1400 2772 ad

351 2829 410 2872 vos
432 2808 649 2874 communiter
670 2808 913 2896 pertinentibus
935 2807 1232 2896 impraesentiarum
1254 2808 1400 2874 rationa-

349 2910 461 2976 biliter
493 2911 674 2998 possidetis,
698 2917 758 2977 aut
791 2912 828 2975 in
861 2912 1012 2977 futurum
1041 2911 1140 2998 justis
1178 2910 1292 2989 modis,
1315 2924 1401 2998 prae·

349 3016 459 3077 stante
489 3011 639 3089 Domino,
674 3013 825 3099 poteritis
859 3013 1003 3101 adipisci,
1033 3014 1094 3079 sub
1125 3014 1214 3080 beati
1244 3013 1336 3079 Petri
1359 3017 1395 3081 et

349 3117 462 3178 nostra
483 3113 685 3200 protectione
708 3116 923 3203 suscipimus;
957 3116 1141 3203 specialiter
1162 3120 1274 3181 autem
1297 3115 1396 3182 libcr-

349 3220 435 3281 tates
451 3222 484 3281 et
499 3216 723 3283 immunitates
746 3217 788 3284 ab
808 3218 985 3307 Episcopis,
1001 3218 1155 3306 Regibus,
1172 3219 1397 3306 Magnetibus,

350 3323 384 3384 et
410 3318 483 3385 aliis
508 3321 632 3387 Christi
661 3321 813 3387 fidelibus
840 3322 935 3388 vobis
956 3323 1020 3388 rite
1050 3344 1223 3400 concessas,
1247 3322 1332 3388 sicut
1360 3346 1400 3388 ea

351 3422 461 3487 omnia
487 3423 577 3509 juste
608 3446 646 3490 ac
679 3424 923 3490 rationabiliter
945 3425 1111 3503 obtinetis,
1139 3425 1243 3506 vobis,
1273 3431 1308 3492 et
1338 3447 1399 3512 per

351 3548 409 3591 vos
432 3528 550 3592 vestris
572 3527 819 3608 successoribus,
843 3528 1038 3594 auctoritate
1068 3529 1257 3616 Apostoliea
1278 3528 1399 3593 confir-

350 3650 478 3695 mamus
512 3636 546 3695 et
579 3630 751 3718 praesentis
785 3631 899 3717 scripti
933 3632 1113 3718 patrocinio
1146 3630 1396 3698 communimus.

350 3732 445 3798 Nulli
482 3733 584 3822 igitur
622 3734 755 3800 omniuo
784 3733 955 3800 hominum
982 3734 1078 3800 liceat
1115 3734 1200 3800 hanc
1237 3733 1398 3822 paginam

348 3843 470 3904 nostrae
500 3837 713 3924 protectionis
735 3843 770 3903 et
800 3837 1058 3903 confirmationis
1088 3837 1265 3924 infringere
1287 3836 1341 3903 vel
1366 3836 1398 3904 ei

348 3962 430 4006 ausu
453 3940 624 4006 temerario
648 3939 831 4021 contraire;
865 3940 892 4005 si
915 3940 982 4005 suis
1013 3946 1123 4005 autem
1145 3940 1206 4005 hoo
1227 3944 1399 4007 attentare

348 4043 600 4131 praesumpserit,
621 4042 883 4130 indignationem
908 4043 1151 4131 omnipotentis
1175 4042 1239 4108 Dei
1261 4048 1297 4109 et
1319 4043 1397 4109 bea

348 4153 458 4211 torum
493 4145 584 4210 Petri
618 4152 652 4211 et
684 4147 779 4212 Pauli
813 4147 1046 4234 Apostolorum
1071 4146 1151 4233 Ejus
1188 4167 1222 4210 se
1260 4146 1397 4212 noverit

348 4247 563 4314 incursurum.

394 4351 520 4415 Datum
553 4351 723 4439 Anagniae,
753 4352 869 4438 quinto
903 4351 1032 4418 kalend.
1063 4350 1223 4428 Octobris
1258 4351 1400 4420 Pontifi-

349 4459 442 4519 catus
464 4454 569 4519 nostri
591 4476 678 4520 anno
701 4453 899 4521 duodecimo.

725 4653 731 4682 ¹
745 4650 824 4718 Papa
840 4653 935 4713 crased,
950 4651 1005 4703 MS.
