3090 5490
394 689 414 753 6
561 698 655 751 mam
677 692 904 749 cancmman
927 694 969 745 00
992 689 1277 745 000000000οσ0

384 874 555 942 ,universis
571 871 696 941 Christi
718 869 871 941 fidelibus
894 873 1073 961 presentes
1093 869 1211 939 literas
1235 868 1435 961 inspecturis

394 979 533 1047 salutem
554 977 591 1045 in
613 975 763 1045 Domino.

164 1217 384 1264 ammom
440 1180 610 1249 Humani¹
644 1181 774 1269 generis
802 1178 951 1247 conditor
977 1178 1069 1247 Deus
1095 1178 1302 1266 omnipotens
1330 1182 1365 1246 00
1391 1198 1441 1245 ra·

165 1270 358 1366 ffilss‘ilffil'
396 1285 548 1374 demptor
572 1306 611 1350 eo
634 1284 850 1372 benignitatis
879 1282 1100 1370 gubernaculo
1126 1284 1234 1349 utitur
1259 1283 1302 1350 ad
1325 1305 1442 1370 regen·

164 1372 472 1468 mitissimum
507 1388 768 1456 Universitatem
798 1387 910 1474 ipsius,
936 1386 1015 1453 licet
1048 1385 1190 1475 positam
1220 1386 1258 1452 in
1286 1387 1441 1473 maligno,

165 1475 359 1569 fflffissffl
396 1491 484 1578 quod
513 1492 614 1558 etiam
651 1491 681 1556 ei
718 1490 954 1576 delinquentur
991 1511 1034 1556 ex
1070 1511 1109 1556 ca
1145 1489 1243 1557 feriat
1280 1490 1441 1575 quosdam

165 1573 347 1675 {gilulffi
395 1595 476 1661 casti
544 1595 585 1661 do
634 1594 677 1661 ad
712 1599 849 1680 tempus,
885 1591 1044 1680 quosdam
1079 1592 1181 1659 etiarn
1224 1592 1441 1661 affectualiter

163 1678 360 1772 &mindaii
395 1617 596 1765 concisigllilo⁹
618 1702 717 1785 prout
731 1697 850 1762 merita
871 1697 1012 1783 exigunt
1034 1695 1247 1785 singulorum,
1269 1696 1312 1762 ab
1336 1695 1441 1783 ipsius

165 1785 181 1816 ¹¹
199 1775 364 1881 &ignom
394 1806 508 1869 tamen
546 1799 786 1868 Universitatis
811 1799 960 1866 custodia
985 1800 1026 1865 de
1049 1821 1147 1865 mane
1172 1821 1276 1886 usque
1301 1801 1345 1866 ad
1369 1821 1443 1867 ves·

394 1926 506 1992 peram
536 1927 596 1972 nec
625 1904 839 1991 protectionis
865 1903 1017 1970 dextram
1040 1925 1101 1970 000
1128 1902 1257 1969 carlum
1279 1903 1343 1992 pia
1365 1925 1441 1990 pro·

390 2007 551 2074 00000οἱ0θ
588 2008 720 2085 avertit,
761 2029 821 2074 nec
862 2007 1024 2073 bonorum
1063 2006 1268 2073 obliviscitur
1304 2013 1441 2095 propter

389 2112 499 2189 malos,
514 2110 571 2176 sed
594 2110 754 2175 malorum
778 2107 911 2197 potius⁴
932 2114 1067 2197 propter
1088 2109 1249 2177 bonorum
1271 2110 1440 2177 interdum

388 2213 574 2301 patrocinia
589 2213 772 2279 miseretur.
805 2212 957 2298 Denique
969 2211 1008 2278 N
1006 2233 1049 2291 oe,
1065 2212 1173 2300 Ipsius
1191 2213 1441 2280 mansuetudini

388 2322 423 2383 00
456 2317 599 2403 justitiae
635 2321 785 2403 coaptans
823 2338 882 2403 pro
918 2320 1040 2383 nostrae
1077 2316 1269 2405 fragilitatis
1304 2316 1441 2384 modulo

387 2420 562 2508 cupientes,
597 2422 645 2496 ut,
682 2419 767 2485 sicut
803 2413 950 2485 rationi⁶
981 2439 1048 2486 sura
1086 2440 1145 2486 nos
1181 2419 1259 2486 fecit
1295 2419 1441 2508 benigna

388 2524 581 2611 dignatione
617 2521 805 2600 conformes
835 2523 881 2589 sic
910 2523 1076 2589 actionum
1105 2545 1246 2600 suarum,
1275 2528 1441 2609 quatenus

388 2632 497 2715 potest
519 2634 632 2692 nostra
649 2626 826 2691 infirmitas
846 2626 1033 2712 praevalere,
1047 2626 1198 2692 inveniat
1218 2626 1319 2692 etiam
1333 2633 1439 2694 secta-

388 2735 475 2796 tores
501 2729 585 2796 circa
609 2729 874 2796 Universitatem
900 2727 1137 2816 Magistrorum
1169 2734 1203 2796 00
1233 2729 1439 2796 Scholmium

390 2832 529 2900 Oxoniae
552 2832 830 2899 commorantium.
877 2829 988 2918 Hujus
1011 2832 1190 2921 magisterii
1212 2831 1317 2899 forma
1338 2839 1439 2920 prout

162 2960 301 3013 unumne
390 2957 561 3023 possumus
582 2937 635 3001 usi
658 2957 779 3009 sumus,
805 2934 893 3011 dum,
920 2940 1039 3020 praeter
1067 2934 1141 3000 illos
1162 2935 1322 3022 nequitiae
1344 2936 1437 3015 filios,

161 3011 367 3113 distillent
391 3038 449 3124 qui
479 3059 562 3102 ausu
599 3037 724 3103 nefario
762 3039 798 3103 in
828 3059 887 3102 nos
920 3043 954 3103 00
984 3042 1113 3104 nostros
1142 3038 1303 3105 insultum
1332 3039 1439 3108 facere

161 3111 188 3154 of
200 3111 265 3154 those
274 3111 325 3154 who
893 3139 900 3154 .
1095 3141 1102 3155 .
1165 3142 1172 3156 .
1336 3143 1368 3158 ..

163 3172 222 3203 were
230 3162 359 3216 pseonsuy
390 3146 669 3227 praesumpserunt
700 3145 758 3205 aut
792 3143 1019 3226 praestrterunt
1041 3141 1237 3207 facientibus
1267 3143 1436 3222 amulium,

162 3213 295 3265 anconae,
391 3243 569 3321 consilium,
586 3243 640 3308 vel
656 3242 812 3321 savorem,
828 3265 908 3330 quos
924 3244 1271 3310 excommunicationis
1286 3239 1437 3334 (suspen-

390 3344 527 3432 sionis)⁶
548 3350 716 3432 perpetuae
743 3347 785 3411 ab
809 3346 912 3412 officio
939 3353 973 3413 00
995 3347 1152 3412 beneficio
1182 3348 1379 3435 privationis
1402 3357 1438 3418 ct

391 3449 464 3514 aliis
483 3448 653 3514 infamiam
676 3454 710 3515 et
732 3450 1008 3536 irregularitatem
1023 3449 1241 3516 inferentibus
1255 3454 1437 3532 sententiis,

390 3557 430 3618 ut
452 3553 487 3616 in
508 3552 659 3618 confectis
683 3553 819 3618 exinde
839 3552 944 3618 literis
964 3553 1092 3639 plenius
1115 3553 1324 3634 0000000000,7
1340 3556 1436 3622 duxi·

161 3671 372 3767 phrzusspteoggpgm
391 3679 464 3722 mus
489 3656 695 3721 innodandos
717 3661 751 3722 et
773 3657 991 3743 relinquimus
1017 3657 1202 3738 innodatos,
1224 3658 1325 3723 aliam
1349 3660 1437 3726 Uni-

162 3772 374 3869 fflssffitmhi‘
391 3761 582 3826 versitatem
606 3765 712 3825 totam
736 3760 772 3824 in
797 3760 906 3824 sinum
931 3760 1050 3825 amoris
1074 3761 1179 3826 nostri
1204 3760 1300 3847 01000
1315 3761 1437 3829 affectu

243 3857 250 3874 '
389 3865 606 3951 recolligimus
645 3868 679 3929 00
716 3867 837 3929 nostrae
877 3863 1115 3930 benevolentiae
1157 3863 1363 3930 restituimus
1401 3872 1436 3933 00

388 3967 503 4044 favori,
523 3971 557 4034 00
575 3967 721 4053 qualibet
742 3966 968 4033 commotionis
989 3966 1111 4033 nebula
1133 3967 1174 4034 de
1202 3967 1297 4035 corde
1322 3973 1435 4036 nostro

1178 4178 1433 4190 -ι--ι--οα--μ

423 4311 429 4339 ¹
443 4306 570 4367 Hunonae,
583 4308 617 4359 A.
968 4315 978 4341 ⁵
989 4314 1089 4373 ratione,
1101 4312 1134 4362 A.

421 4387 564 4437 ²ronciendo
575 4404 603 4437 or
614 4389 796 4442 concionando?
967 4394 1162 4459 ῦ00000οι00000]
1174 4393 1266 4448 Added
1275 4395 1302 4448 ln
1313 4396 1357 4449 the
1367 4413 1434 4448 mar-

421 4471 430 4498 ³
438 4468 600 4533 promisionis,
612 4469 647 4519 A.
933 4471 977 4538 gin
987 4473 1022 4540 by
1033 4489 1048 4523 a
1058 4473 1120 4523 later
1131 4473 1207 4527 hand.

421 4550 429 4577 ⁴
441 4549 484 4599 An
496 4547 675 4598 indescribable
693 4551 769 4612 nord,
780 4551 825 4602 but
833 4565 887 4601 001·-
966 4556 974 4583 ²
986 4554 1145 4616 continentur,
1156 4555 1189 4604 A.

400 4633 483 4683 rected
493 4631 547 4683 into
554 4631 646 4698 potine,
656 4632 690 4681 A.
