3036 5468
347 710 411 771 238
510 723 603 772 rrum
625 720 857 771 caucnmrnu
881 723 923 771 sr
945 719 1235 771 raocussrosmr.

347 896 553 982 integraliter
583 897 807 961 continentem
840 896 980 983 propriis
1008 896 1193 983 sumptibus
1214 895 1288 961 fieri
1311 894 1393 973 feeit,

347 1004 382 1063 et
411 999 474 1065 sub
506 998 617 1075 forma,
650 1020 724 1082 quse
753 999 868 1085 liquet,
898 1000 1014 1084 parari,
1050 1000 1253 1083 eandemque
1282 997 1321 1061 in
1348 995 1394 1061 sui

346 1088 566 1174 resignatione
588 1088 685 1153 officii
704 1088 928 1153 Universitati
952 1088 1052 1153 libere
1074 1088 1218 1153 contulit
1241 1108 1394 1155 successo

346 1190 437 1257 ribus
467 1191 535 1255 suis
568 1190 841 1257 Procuratoribus
874 1213 917 1255 ex
953 1201 1046 1277 parte
1084 1191 1216 1270 boreali,
1251 1190 1311 1277 qui
1339 1212 1394 1277 pro

346 1298 492 1380 tempore
515 1293 648 1372 fuerint,
672 1316 732 1380 pro
755 1299 913 1380 perpetuo
936 1298 1168 1379 spectatorum.

121 1420 321 1467 rnaauuoorae
392 1395 434 1459 In
456 1396 516 1461 hoc
547 1395 709 1481 siquidem
740 1397 825 1461 libro
856 1396 962 1461 forma
993 1401 1028 1460 et
1059 1396 1138 1461 ordo
1171 1393 1394 1481 hujuscemodi

120 1470 334 1617 fflidsiiillm
345 1498 580 1565 observantur:
612 1497 831 1585 praemittitur
853 1497 1015 1585 imprimis
1045 1496 1278 1563 kalendarium
1309 1517 1394 1561 more

123 1622 296 1675 toryortuea»
346 1606 499 1667 consueto
516 1600 756 1666 Universitatis
771 1600 980 1686 descriptum,
1003 1604 1078 1687 post
1100 1598 1189 1685 quod
1205 1598 1395 1687 Evangelia

120 1671 325 1773 'diiileiltliiuen
345 1704 497 1769 fundatio
520 1709 555 1769 et
577 1703 752 1769 translatio
777 1703 1028 1782 UniversitatiS,
1047 1703 1277 1787 juramentum
1309 1702 1395 1789 prin·

120 1773 318 1919 diffiin
345 1805 449 1891 cipale
464 1806 506 1871 ad
521 1806 765 1871 observandum
780 1810 917 1882 statuta,
933 1804 1117 1891 privilegia,
1134 1804 1397 1879 consuetudines,

119 1924 284 2019 ffihffilss
291 1988 325 2019 a·
345 1913 380 1973 et
394 1909 563 1975 libertates
578 1909 726 1994 ejusdem
740 1929 807 1973 non
821 1907 997 1994 incongrue
1020 1907 1278 1993 subjunguntur.
1319 1904 1398 1971 Pro-

119 2026 312 2129 ffiffipt'ipph
345 2011 472 2075 ceditur
502 2015 578 2097 post
607 2010 677 2075 haec
699 2011 743 2075 ad
765 2010 969 2097 singularum
991 2009 1188 2074 facultatum
1211 2014 1345 2075 statuta
1366 2016 1399 2073 et

118 2113 474 2221 ffifflffffl’ffflm’b
506 2118 540 2177 et
573 2113 732 2198 incipitur
762 2112 799 2176 in
830 2112 890 2177 hoc
916 2112 1001 2176 libro
1032 2112 1074 2175 ab
1104 2112 1163 2175 illa
1185 2111 1398 2177 scientiarum

119 2226 290 2321 mapa
346 2214 461 2300 regina
483 2214 701 2279 sacratissima
724 2214 907 2301 theologica
929 2214 1095 2291 facultate,
1111 2235 1185 2299 quae
1208 2215 1319 2300 prima
1334 2214 1401 2280 fuit

119 2327 274 2372 tutorum
345 2315 380 2379 in
403 2317 589 2383 intentione
611 2318 790 2397 condentis,
807 2322 841 2381 et
863 2316 950 2382 inter
971 2322 1104 2382 ceteras
1117 2317 1295 2383 facultates
1317 2340 1400 2404 prae-

118 2378 308 2475 dflledldllw
344 2422 496 2509 rogativa
515 2422 706 2509 praeeminet
731 2420 901 2509 ampliori;
922 2421 1015 2507 cujus
1038 2421 1172 2507 quidem
1194 2422 1402 2489 excellentiae

344 2524 538 2591 famulatrix
568 2532 603 2591 et
631 2523 759 2606 ancillo,
791 2523 979 2589 veneranda
1011 2524 1214 2589 decretonrm
1246 2525 1400 2605 facultas,

344 2649 410 2691 non
436 2628 614 2693 inconsone
640 2634 691 2693 est
711 2626 895 2714 subjuncta,
911 2627 1091 2713 eidemque,
1113 2632 1250 2714 propter
1273 2628 1400 2693 forma·

343 2751 418 2794 rum
440 2735 475 2795 et
496 2730 659 2819 graduum
683 2730 919 2796 connexionem
941 2730 1149 2817 praecipuam,
1167 2730 1253 2815 juris
1291 2731 1402 2795 civilis

344 2833 483 2897 formam
509 2834 658 2899 annectit
684 2854 844 2898 consonus
866 2832 928 2897 iste
950 2832 1029 2897 ordo
1041 2857 1049 2911 ;
1075 2839 1118 2912 et,
1138 2836 1178 2897 ut
1198 2833 1402 2899 venerabilis

344 2935 515 3001 medicinae
540 2936 680 3001 facultas
701 2935 831 3001 eximiae
855 2935 978 2999 artium
1001 2934 1108 3019 quoad
1133 2933 1255 2999 somnes
1280 2988 1287 3001 .
1324 2987 1332 3002 .
1369 2933 1400 3003 ,¹

343 3038 413 3099 sine
436 3038 543 3101 medio
567 3038 677 3121 aliquo
700 3037 872 3101 divisionis
892 3042 942 3101 est
962 3038 1056 3116 socia,
1081 3038 1184 3123 igitur
1208 3038 1401 3103 earumdem

344 3138 456 3202 formae
484 3139 519 3201 in
543 3140 605 3204 hoc
631 3140 714 3203 libro
741 3139 963 3204 irnnrcdiatius
986 3144 1065 3203 sunt
1087 3141 1289 3225 conscriptae,
1314 3163 1401 3227 prae-

119 3250 291 3303 [uhcnualor
344 3241 451 3325 posita
484 3248 594 3305 tamen
629 3243 742 3319 lbrmn,
776 3249 814 3308 ut
846 3241 1010 3328 contingit
1034 3242 1074 3306 de
1098 3243 1270 3307 medicinae
1295 3243 1400 3309 facul-

118 3301 194 3353 Arta]
346 3342 439 3407 taust

117 3639 332 3741 ,Asslffffifflffll
345 3650 424 3713 Post
462 3650 529 3714 haec
563 3650 603 3714 de
635 3652 799 3736 vesperiis,
836 3660 870 3716 ct
903 3652 980 3717 iude
1012 3653 1052 3715 de
1086 3654 1182 3716 modo
1213 3654 1398 3741 incipiendi

118 3741 274 3833 gffilffissff,
344 3752 517 3818 facultatcs
541 3753 688 3839 singulas
718 3755 987 3820 concernentibus
1014 3756 1245 3820 convenienter
1276 3758 1401 3843 agitur.

117 3840 326 3933 {lss'g'gffllffifflssw
345 3856 464 3920 Modus
488 3856 626 3920 docendi
653 3878 691 3921 ac
717 3856 907 3943 proficiendi
928 3858 964 3921 in
985 3859 1200 3942 grammatica
1223 3860 1401 3949 subjungi·

117 3940 305 4032 ssffssfu'mu'
344 3964 406 4022 tur.
454 3959 505 4023 De
527 3959 624 4023 modo
649 3960 795 4024 cessandi
820 3966 854 4023 et
878 3961 1062 4024 resumendi
1085 3959 1240 4025 lectiones
1262 3963 1400 4029 ordina-

117 4041 302 4134 dtl'blftffi
344 4060 419 4137 rias,
436 4083 508 4124 cunr
530 4061 637 4124 missis
653 4067 687 4125 ct
702 4062 958 4147 processionibus
979 4064 1242 4149 congruentibus,
1267 4070 1402 4134 tractat

118 4142 202 4183 tiones
210 4142 307 4185 lecturos
418 4162 436 4191 ¹·
542 4162 548 4174 .

118 4176 314 4242 nrmses,proccs-¹
344 4182 494 4245 proximo
518 4162 569 4225 lllc
590 4184 763 4249 procusum.

117 4242 187 4335 piipps,
195 4242 241 4285 and
250 4243 290 4286 tlrc

379 4489 385 4518 ¹
399 4490 424 4537 Λ
436 4490 507 4537 ward
524 4489 579 4540 lost.
895 4498 956 4547 been
968 4499 1071 4549 deemcd
1082 4500 1212 4560 sufficient,
1220 4503 1271 4551 and
1279 4518 1404 4559 recarrrae

376 4567 480 4619 ²'Ibree
498 4569 559 4619 lines
576 4569 634 4620 here
645 4586 688 4621 are
697 4579 763 4622 most
771 4573 844 4625 effec·
895 4577 1013 4627 hasbeen
1024 4579 1074 4628 hed
1091 4588 1118 4628 to
1136 4582 1286 4647 destroying
1304 4601 1321 4635 a
1341 4602 1403 4651 por-

344 4647 423 4712 tunlly
438 4650 578 4714 destroyed,
606 4665 707 4701 erasure
729 4652 775 4703 has
797 4662 843 4703 not
894 4656 947 4706 tion
964 4658 995 4705 of
1007 4658 1050 4707 tho
1059 4660 1161 4709 vellum.
