3090 5490
361 716 426 778 330
525 725 619 774 nram
642 722 869 773 cascmmsu
894 722 936 769 m
959 722 1251 773 ruoeunmosuu.

131 916 313 961 triturarum
359 895 429 959 lucc
462 895 665 981 migraverit,
705 895 944 980 animabusque
982 893 1130 958 omnium
1169 893 1325 960 fidelium
1359 898 1408 961 de·

131 967 315 1061 iiitiidsriiI⁸¹¹
359 998 553 1073 functorum,
585 1020 657 1061 cum
689 994 855 1062 collectis¹
892 996 1027 1061 nomina
1059 1018 1120 1061 sua
1149 996 1411 1083 specificantibus

130 1068 326 1121 ⁸¹m⁰¹⁸¹⁰⁰¹¹⁰⁰²⁸'
358 1098 532 1165 decantare
562 1099 755 1165 solemniter
781 1103 944 1178 teneatur,
967 1103 1066 1185 prout
1096 1099 1215 1184 utique
1247 1122 1311 1186 pro
1343 1100 1410 1165 aliis

357 1200 489 1285 regibus
511 1205 546 1265 et
569 1201 775 1287 principibus
798 1201 902 1287 ipsius
920 1200 1075 1266 videlicet
1094 1199 1342 1267 Universitatis
1361 1202 1410 1267 be

356 1302 578 1367 nefactoribus
600 1303 759 1368 hactenus
781 1304 854 1368 fieri
876 1304 1055 1368 consuevit.

401 1458 510 1523 ”Acta
532 1463 567 1523 et
590 1462 719 1523 statuta
750 1463 829 1523 sunt
863 1457 941 1533 heac,
964 1458 999 1521 in
1033 1457 1292 1544 congregatione
1320 1458 1408 1545 plena

358 1561 557 1647 Regentium
582 1568 616 1626 et
643 1559 921 1647 Non-regentium
944 1559 981 1623 in
1003 1558 1136 1623 ecclesia
1160 1558 1275 1625 Beatae
1301 1560 1407 1624 Marias

358 1662 506 1749 Virginis
521 1664 680 1750 praedicta
702 1662 893 1727 solemniter
912 1661 1083 1741 celebrata,
1099 1682 1142 1724 ex
1164 1661 1319 1725 unanimi
1340 1684 1408 1727 con·

356 1787 455 1829 sensu
479 1766 680 1852 Regentium
704 1770 739 1829 et
763 1762 1055 1849 Non-regentium,
1082 1762 1308 1829 existentibus
1330 1764 1407 1829 Can-

357 1867 488 1931 cellario
526 1874 605 1932 nato
644 1868 742 1933 dictae
782 1864 1023 1931 Universitatis
1057 1864 1220 1949 Magistro
1259 1865 1283 1929 J
1285 1864 1407 1929 ohanne

359 1968 521 2045 Burbach,
545 1991 645 2035 sacrrc
670 1966 847 2054 theologiae
870 1966 1059 2053 professore,
1083 1970 1116 2030 et
1141 1965 1406 2032 Procuratoribu.=¹

359 2069 506 2154 cjusdcm
530 2070 699 2155 Magistris
716 2068 895 2133 Wilhelmo
910 2067 1018 2133 Orelle
1040 2073 1074 2132 et
1096 2067 1120 2132 J
1122 2066 1253 2133 ohanne
1268 2068 1406 2155 Wylley,

357 2173 513 2236 vicesimo
543 2172 662 2256 quinto
690 2172 743 2236 dic
776 2173 899 2237 mensis
923 2171 1133 2249 Novembris,
1155 2194 1246 2236 anno
1277 2172 1406 2237 Domini

359 2272 533 2337 millesimo
556 2273 880 2360 quadringentesimo
903 2272 1066 2337 tricesimo
1089 2294 1185 2338 ncnc.

129 2459 329 2531 sinuarat-or-
402 2441 456 2505 ml
487 2442 656 2527 praemisa
689 2446 800 2505 autem
832 2440 945 2504 omnia
978 2444 1013 2503 et
1042 2439 1173 2525 singula
1206 2440 1355 2507 fideliter
1375 2454 1408 2507 et

129 2511 340 2655 Ξῖιὲἕέἷιὲἳὲἷίἷιὶω
358 2543 428 2608 sine
466 2544 581 2608 fraude
619 2549 780 2630 perpetuo
819 2541 969 2607 facienda
1005 2547 1039 2605 et
1077 2540 1320 2609 inviolabiliter
1355 2543 1409 2607 ob-

197 2644 212 2653 ..
228 2630 250 2653 ..

127 2664 297 2723 amma-sor
358 2645 529 2725 servanda,
566 2646 749 2731 obligamus
786 2666 846 2708 nos
883 2650 917 2707 ct
950 2664 1147 2708 successores
1186 2652 1318 2709 nostros
1354 2666 1408 2730 per

129 2714 308 2808 ppepppnma
359 2752 543 2834 prasentes,
566 2754 600 2811 et
630 2768 669 2811 ea
701 2746 811 2809 omnia
833 2749 868 2809 ct
897 2744 1029 2829 singula
1050 2745 1153 2809 facere
1176 2749 1212 2809 et
1238 2747 1408 2811 obseruare¹

356 2850 582 2937 promittimus
604 2847 692 2912 bona
720 2848 794 2923 fido,
819 2851 862 2921 ct,
897 2851 936 2910 ut
969 2845 1109 2932 prrefata
1138 2854 1254 2912 nostra
1276 2855 1409 2925 statuis,

356 2952 589 3029 ordinationes,
606 2955 641 3015 ct
663 2949 884 3015 consessiones
906 2947 1008 3012 robur
1022 2946 1220 3012 obtineant³
1241 2957 1411 3037 perpetua

359 3052 533 3123 firmitatis,
569 3057 747 3137 prsescntcs
781 3051 893 3115 literas
926 3055 1055 3114 nostras
1087 3050 1158 3114 ficri
1192 3050 1330 3115 fecimus
1357 3076 1411 3139 pa-

359 3161 475 3227 tentes,
499 3154 662 3215 camumni
691 3158 811 3216 nostra*¹
843 3151 1083 3215 Universitatis
1109 3151 1217 3235 sigillo
1240 3154 1412 3238 sigillat-au

359 3256 391 3316 in
418 3256 515 3316 firlcm
541 3259 575 3317 ct
603 3254 829 3318 testimonium
855 3254 1002 3317 amnium
1027 3254 1278 3339 pnmnissarum.

405 3356 529 3418 Datum
547 3355 685 3419 Omnia
718 3357 753 3419 in
778 3361 899 3421 nostrae
934 3354 1197 3441 congregationis
1223 3356 1333 3436 doum,
1357 3359 1411 3423 die

359 3462 393 3521 ct
415 3481 502 3522 armo
525 3457 673 3542 superius
697 3459 901 3543 expressatis.

244 3784 273 3827 a:
359 3754 409 3811 (is
427 3748 571 3825 Guneus
588 3762 661 3810 asu
685 3764 754 3809 'rus
777 3763 886 3808 mour
909 3762 953 3807 os·
977 3761 1045 3807 rm:
1070 3758 1226 3808 meram·
1251 3761 1297 3807 or
1319 3746 1416 3810 Anrs

426 3869 468 3914 ro
491 3866 706 3915 nsmnumrs
730 3866 776 3911 os
800 3864 866 3911 mm
889 3863 1043 3911 mammas
1066 3864 1199 3910 ussum:
1226 3864 1324 3912 mrsu
1347 3864 1418 3913 sus

426 3969 577 4016 mmmm*
601 3968 749 4015 sarrana
774 3968 812 4014 ru
836 3950 1094 4015 Coxvoesrmu.

403 4099 533 4163 *Accae
550 4097 696 4162 Domiai
711 4096 893 4163 raillesimo
909 4094 1246 4180 quadriapcaicsimo
1262 4097 1419 4180 quadi-(1.

358 4200 494 4284 (jesiaco,
512 4199 669 4265 vicesima
685 4198 740 4263 dic
755 4197 949 4269 Februarii,
967 4196 1009 4260 ia
1030 4196 1217 4261 venerabili
1233 4219 1420 4285 corrprepa.

395 4426 400 4453 ¹
410 4422 516 4475 radicem,
526 4423 554 4470 B.
941 4421 949 4445 ³
961 4417 1077 4479 viaissent,
1091 4419 1118 4467 F.

391 4503 475 4551 ²''l'liis
488 4502 533 4550 lust
548 4502 645 4563 panion
667 4502 697 4546 ot*
710 4499 751 4549 the
771 4506 861 4548 statum

358 4582 505 4645 containing
518 4581 560 4629 tiu·
570 4582 634 4633 date.
643 4582 688 4628 &a
700 4579 721 4625 is
731 4588 773 4627 nar
784 4580 861 4627 smum
943 4581 947 4605 ¹
961 4578 1022 4624 'l'liis
1035 4577 1088 4625 title
1100 4576 1122 4623 is
1134 4585 1176 4625 not
1190 4577 1216 4626 in
1229 4578 1259 4626 Β.

357 4665 383 4713 in
396 4665 434 4717 Β..
447 4664 497 4711 and
509 4663 530 4711 is
542 4660 654 4723 suppliol
667 4660 731 4707 from
743 4658 771 4707 F.
882 4656 885 4661 '
