3090 5490
359 697 422 760 154
520 710 610 759 maru
634 709 864 759 erueremur
888 711 930 759 ar
954 708 1242 760 raocuaaroaun.

356 891 391 949 et
422 882 575 970 Magistri
598 883 774 949 Wilhelmo
796 882 960 970 Yngestre
990 884 1214 950 Procuratoris
1245 908 1288 951 cx
1317 891 1403 972 parte

356 986 488 1066 boreali,
512 987 651 1073 septimo
675 987 736 1051 Id:
761 986 942 1066 Februarii,
966 1009 1054 1053 anno
1078 987 1214 1054 Domini
1237 987 1403 1054 millesimo

357 1091 585 1156 trecentesimo
609 1091 857 1179 quodragesimo
880 1095 981 1157 sexto.

405 1392 561 1474 Qaccclitcr·
588 1394 755 1461 divisum
777 1393 928 1480 officiam
950 1393 1188 1460 concernentia
1211 1394 1255 1460 ‘ia
1278 1393 1365 1460 cista

598 1497 842 1564 Ualaersitatc‘s
865 1503 949 1564 suat
971 1496 1174 1582 reportando.

131 1679 337 1774 §digamma
404 1664 489 1732 Cum
505 1664 715 1732 Universitas
738 1666 937 1754 Regentium
960 1667 1117 1731 interesse
1141 1664 1265 1730 divinis
1287 1664 1405 1741 officiis,

130 1780 332 1875 ffltssssssglssssnd
358 1775 429 1834 taur
451 1793 510 1858 pro
534 1771 621 1836 vivis
643 1792 742 1857 quam
762 1791 821 1858 pro
844 1769 990 1849 mortuis,
1015 1767 1154 1834 diversis
1175 1769 1257 1833 anni
1272 1766 1406 1842 vicibus,

129 1881 329 1984 ffigylssffilffi
358 1872 559 1959 frequentius
574 1873 786 1961 astringatur,
808 1896 846 1939 ac
869 1872 985 1937 decens
1007 1872 1052 1937 sit
1074 1876 1108 1937 et
1131 1871 1307 1937 honestum
1323 1870 1408 1957 quod

129 1982 316 2077 mimate
359 1975 547 2060 hujusmodi
570 1976 684 2042 divina
706 1976 811 2042 officia
842 1977 878 2040 in
900 1975 1108 2042 vestimentis
1139 1997 1176 2039 ac
1209 1974 1409 2041 ornamentis

128 2082 319 2178 ssffigffl
359 2077 548 2144 decentibus
570 2079 812 2155 ministrantia,
828 2077 1034 2144 eructuatum
1056 2079 1203 2164 estquod
1222 2084 1293 2144 tam
1309 2075 1408 2143 vesti-

129 2185 337 2285 ffiffigffisr
359 2186 473 2246 menta
495 2203 594 2267 quam
615 2181 716 2268 panni
749 2180 848 2258 serici,
873 2187 907 2248 et
930 2181 994 2246 alia
1024 2203 1235 2268 quaeeumque
1258 2180 1410 2245 divinum

129 2284 323 2389 gffipffiggffin
360 2282 502 2349 officium
525 2284 761 2360 concernentia,
783 2284 820 2350 in
846 2285 928 2349 cista
952 2283 1193 2350 Universitatis
1216 2306 1275 2371 per
1297 2305 1333 2348 sc
1356 2283 1411 2348 ho·

128 2386 334 2482 gflgfflgrgffgm
359 2392 451 2452 ueste
474 2391 508 2452 et
530 2387 640 2452 debite
664 2392 874 2475 reponantur,
898 2409 958 2453 nec
980 2388 1097 2473 quovis
1124 2387 1220 2451 modo
1245 2385 1315 2451 sine
1338 2408 1412 2451 con·

132 2468 338 2591 “mlefflffif'
359 2510 456 2555 sensu
479 2489 611 2576 majoris
633 2490 735 2577 partis
759 2489 956 2579 Regentium
971 2491 1028 2555 alii
1051 2490 1125 2556 usui
1147 2512 1246 2577 quam
1266 2488 1412 2555 Univer-

130 2590 326 2685 ffflmd
359 2593 467 2659 sitatis
499 2616 557 2681 per
580 2594 813 2660 Procuratores
846 2593 1028 2661 liberentur
1062 2616 1120 2659 seu
1154 2592 1412 2672 commodentur,

130 2690 241 2738 ΝΟΜ
357 2695 620 2763 funerationibus
659 2696 862 2762 Scholarium
900 2703 935 2763 ct
973 2696 1207 2784 Magistrorum
1245 2696 1413 2762 duntaxat

358 2800 513 2887 exceptis,
536 2804 571 2865 et
592 2804 673 2866 tunc
695 2801 827 2865 demum
858 2798 1100 2866 honestioribus
1122 2799 1306 2880 reservatis,
1331 2822 1413 2888 prae·

357 2907 507 2989 terquam
540 2903 577 2967 in
610 2901 873 2969 funerationibus
901 2902 1057 2990 Regentis
1089 2901 1142 2968 vel
1164 2902 1413 2989 Non-regentis,

358 3005 435 3090 quia
468 3004 549 3070 alias
583 3028 640 3092 per
670 3028 854 3093 processum
888 3005 1053 3093 temporis,
1087 3006 1288 3091 consumptis
1312 3005 1415 3072 vesti-

357 3108 484 3186 mentis,
510 3131 584 3194 quae
609 3110 682 3195 jam
704 3109 813 3190 habet,
839 3106 1061 3174 Universitas¹
1088 3109 1192 3196 possit
1219 3109 1347 3174 destrui
1378 3109 1414 3173 in

357 3211 513 3276 futurum.

404 3500 501 3584 Qrcocl
528 3502 745 3581 Procurator,
770 3507 955 3587 urathfuum
978 3500 1140 3581 inhibeat,
1172 3501 1370 3569 caruissem

491 3605 699 3692 oppulentis
721 3604 865 3691 recipiat
888 3612 916 3670 ct
939 3603 1009 3689 rjus
1027 3606 1276 3691 jurameutum.

130 3789 327 3842 erenanappel·
404 3767 490 3847 Quia
520 3788 579 3852 per
602 3762 879 3830 Procuratorum⁹
912 3765 1125 3831 inhibitiones
1158 3765 1201 3830 acl
1233 3765 1416 3834 instantias

129 3843 316 3886 lantobtainsan
528 3871 535 3883 .
713 3869 718 3882 .
737 3869 744 3882 .
968 3870 975 3884 .
1310 3871 1317 3885 .
1341 3871 1347 3887 .

129 3893 322 3936 ruursuonaom
358 3870 563 3957 appellantia,
587 3869 627 3934 de
659 3868 747 3934 facrh
779 3868 901 3955 absque
933 3868 1068 3955 ahqua³
1094 3892 1199 3935 causae
1223 3877 1416 3957 cogmtrone

128 3942 328 4084 llbl'tttlltlt
357 3974 458 4038 factas
489 3995 548 4061 pro
571 3974 640 4038 sola
663 3972 831 4050 dilatione,
857 3972 1048 4059 frequenter
1077 3973 1183 4038 oritur
1213 3975 1357 4040 materia
1379 3980 1416 4040 et

128 4045 339 4191 ffiipffipees
357 4076 481 4143 occasio
511 4077 638 4142 frivolae
671 4077 924 4165 ap[pellationis,
953 4074 1219 4162 cautiones]que⁴
1242 4098 1302 4163 per
1328 4076 1416 4144 tales

391 4387 396 4416 ¹
405 4393 463 4451 post
487 4386 573 4450 possit
597 4385 625 4435 C·
678 4384 701 4432 T
703 4384 741 4434 llis
769 4392 858 4436 Slalulss
938 4398 945 4426 ·¹
958 4395 1107 4448 Thcs‘ords
1124 4396 1151 4445 in
1168 4396 1210 4446 the
1223 4396 1329 4446 bracket
1348 4399 1416 4450 bave

356 4482 461 4532 appears
472 4476 498 4516 1⁰
509 4468 541 4516 be
552 4465 691 4528 imbellem·
905 4477 966 4527 been
988 4477 1087 4527 written
1106 4478 1140 4540 by
1152 4492 1167 4526 a
1181 4477 1243 4526 later
1259 4476 1329 4527 baud
1351 4494 1416 4529 orer

389 4550 397 4577 “·’
410 4547 591 4608 Procuratores,
603 4544 658 4596 MS.
905 4573 936 4607 an
949 4570 1056 4608 erasure,

388 4630 398 4658 ³
409 4625 519 4692 aliquali,
531 4625 588 4675 MS.
880 4614 884 4684 Ι
