<?xml version="1.0" encoding="UTF-8"?>
<!DOCTYPE html PUBLIC "-//W3C//DTD XHTML 1.0 Transitional//EN"
    "http://www.w3.org/TR/xhtml1/DTD/xhtml1-transitional.dtd">
<html xmlns="http://www.w3.org/1999/xhtml" xml:lang="en" lang="en">
 <head>
  <title>
</title>
<meta http-equiv="Content-Type" content="text/html;charset=utf-8" />
  <meta name='ocr-system' content='tesseract 3.04.00' />
  <meta name='ocr-capabilities' content='ocr_page ocr_carea ocr_par ocr_line ocrx_word'/>
</head>
<body>
  <div class='ocr_page' id='page_1' title='image "./rerumbritannica16offigoog_0265.png"; bbox 0 0 3090 5490; ppageno 0'>
   <div class='ocr_carea' id='block_1_1' title="bbox 356 710 1250 790">
    <p class='ocr_par' dir='ltr' id='par_1_1' title="bbox 356 710 1250 790">
     <span class='ocr_line' id='line_1_1' title="bbox 356 710 1250 790; baseline -0.003 -1"><span class='ocrx_word' id='word_1_1' title='bbox 356 728 421 789; x_wconf 84' lang='lat'>100</span> <span class='ocrx_word' id='word_1_2' title='bbox 522 740 619 790; x_wconf 79' lang='lat' dir='ltr'>cmm</span> <span class='ocrx_word' id='word_1_3' title='bbox 642 735 874 789; x_wconf 75' lang='lat' dir='ltr'>cnrcrtnmrr</span> <span class='ocrx_word' id='word_1_4' title='bbox 896 738 938 787; x_wconf 83' lang='lat' dir='ltr'>m</span> <span class='ocrx_word' id='word_1_5' title='bbox 960 710 1250 787; x_wconf 75' lang='lat' dir='ltr'>riocumronur.</span> 
     </span>
    </p>
   </div>
   <div class='ocr_carea' id='block_1_2' title="bbox 194 977 1306 1057">
    <p class='ocr_par' dir='ltr' id='par_1_2' title="bbox 194 977 1306 1057">
     <span class='ocr_line' id='line_1_2' title="bbox 194 977 1306 1057; baseline -0.008 -4"><span class='ocrx_word' id='word_1_6' title='bbox 194 1004 264 1057; x_wconf 64' lang='lat' dir='ltr'>nc.</span> <span class='ocrx_word' id='word_1_7' title='bbox 466 979 622 1045; x_wconf 74' lang='lat' dir='ltr'>Ornrnrs</span> <span class='ocrx_word' id='word_1_8' title='bbox 647 981 819 1045; x_wconf 79' lang='lat' dir='ltr'>Anncrrs</span> <span class='ocrx_word' id='word_1_9' title='bbox 841 994 1056 1045; x_wconf 73' lang='lat' dir='ltr'>conor-:urm</span> <span class='ocrx_word' id='word_1_10' title='bbox 1079 993 1125 1044; x_wconf 75' lang='lat' dir='ltr'>Ar</span> <span class='ocrx_word' id='word_1_11' title='bbox 1147 977 1306 1045; x_wconf 83' lang='lat' dir='ltr'>Orronn.</span> 
     </span>
    </p>
   </div>
   <div class='ocr_carea' id='block_1_3' title="bbox 128 1134 1415 1328">
    <p class='ocr_par' dir='ltr' id='par_1_3' title="bbox 128 1134 1415 1328">
     <span class='ocr_line' id='line_1_3' title="bbox 155 1134 1415 1229; baseline -0.006 -20"><span class='ocrx_word' id='word_1_12' title='bbox 155 1178 224 1229; x_wconf 70' lang='lat' dir='ltr'>M).</span> <span class='ocrx_word' id='word_1_13' title='bbox 238 1181 309 1226; x_wconf 74' lang='lat'><strong>1314.</strong></span> <span class='ocrx_word' id='word_1_14' title='bbox 401 1137 463 1203; x_wconf 87' lang='lat' dir='ltr'>Isti</span> <span class='ocrx_word' id='word_1_15' title='bbox 496 1137 627 1202; x_wconf 73' lang='lat' dir='ltr'>articuli</span> <span class='ocrx_word' id='word_1_16' title='bbox 663 1138 839 1225; x_wconf 73' lang='lat' dir='ltr'>subscripti</span> <span class='ocrx_word' id='word_1_17' title='bbox 874 1134 1009 1202; x_wconf 83' lang='lat' dir='ltr'>fuerunt</span> <span class='ocrx_word' id='word_1_18' title='bbox 1047 1137 1214 1223; x_wconf 78' lang='lat' dir='ltr'>reprobati</span> <span class='ocrx_word' id='word_1_19' title='bbox 1250 1142 1415 1224; x_wconf 76' lang='lat' dir='ltr'>tanquam</span> 
     </span>
     <span class='ocr_line' id='line_1_4' title="bbox 128 1239 1414 1328; baseline -0.007 -14"><span class='ocrx_word' id='word_1_20' title='bbox 128 1266 315 1313; x_wconf 65' lang='lat' dir='ltr'>memor</span> <span class='ocrx_word' id='word_1_21' title='bbox 356 1241 484 1309; x_wconf 90' lang='lat' dir='ltr'>erronei</span> <span class='ocrx_word' id='word_1_22' title='bbox 520 1263 541 1306; x_wconf 81' lang='lat' dir='ltr'>o</span> <span class='ocrx_word' id='word_1_23' title='bbox 576 1239 745 1328; x_wconf 78' lang='lat' dir='ltr'>Magistris</span> <span class='ocrx_word' id='word_1_24' title='bbox 780 1240 954 1326; x_wconf 67' lang='lat' dir='ltr'>theologice</span> <span class='ocrx_word' id='word_1_25' title='bbox 982 1239 1223 1304; x_wconf 72' lang='lat' dir='ltr'>Universitstis</span> <span class='ocrx_word' id='word_1_26' title='bbox 1260 1239 1414 1319; x_wconf 81' lang='lat' dir='ltr'>Oxoniae,</span> 
     </span>
    </p>
   </div>
   <div class='ocr_carea' id='block_1_4' title="bbox 128 1318 1413 1429">
    <p class='ocr_par' dir='ltr' id='par_1_4' title="bbox 128 1318 1413 1429">
     <span class='ocr_line' id='line_1_5' title="bbox 128 1318 1346 1370; baseline -0.003 -8"><span class='ocrx_word' id='word_1_27' title='bbox 128 1318 312 1370; x_wconf 59' lang='lat' dir='ltr'>cinnomo»</span> <span class='ocrx_word' id='word_1_28' title='bbox 571 1345 578 1359; x_wconf 92' lang='lat'><strong>.</strong></span> <span class='ocrx_word' id='word_1_29' title='bbox 607 1344 615 1360; x_wconf 89' lang='lat'><strong>.</strong></span> <span class='ocrx_word' id='word_1_30' title='bbox 692 1345 699 1359; x_wconf 92' lang='lat'><strong>.</strong></span> <span class='ocrx_word' id='word_1_31' title='bbox 764 1344 772 1359; x_wconf 90' lang='lat'><strong>.</strong></span> <span class='ocrx_word' id='word_1_32' title='bbox 1034 1343 1042 1357; x_wconf 87' lang='lat'><strong>.</strong></span> <span class='ocrx_word' id='word_1_33' title='bbox 1338 1345 1346 1358; x_wconf 94' lang='lat'><strong>.</strong></span> 
     </span>
     <span class='ocr_line' id='line_1_6' title="bbox 128 1344 1413 1429; baseline -0.003 -16"><span class='ocrx_word' id='word_1_34' title='bbox 128 1369 180 1413; x_wconf 71' lang='lat' dir='ltr'>rore</span> <span class='ocrx_word' id='word_1_35' title='bbox 188 1380 318 1421; x_wconf 59' lang='lat' dir='ltr'>nonnum</span> <span class='ocrx_word' id='word_1_36' title='bbox 356 1368 444 1411; x_wconf 81' lang='lat' dir='ltr'>anno</span> <span class='ocrx_word' id='word_1_37' title='bbox 481 1345 617 1410; x_wconf 92' lang='lat' dir='ltr'>Dom1n1</span> <span class='ocrx_word' id='word_1_38' title='bbox 655 1344 829 1410; x_wconf 82' lang='lat' dir='ltr'>mrllesrmo</span> <span class='ocrx_word' id='word_1_39' title='bbox 871 1347 1099 1408; x_wconf 84' lang='lat' dir='ltr'>trecentesrmo</span> <span class='ocrx_word' id='word_1_40' title='bbox 1140 1344 1413 1429; x_wconf 76' lang='lat' dir='ltr'>quarto-decimo,</span> 
     </span>
    </p>
   </div>
   <div class='ocr_carea' id='block_1_5' title="bbox 128 1419 731 1515">
    <p class='ocr_par' dir='ltr' id='par_1_5' title="bbox 128 1419 731 1515">
     <span class='ocr_line' id='line_1_7' title="bbox 128 1419 731 1515; baseline -0.005 0"><span class='ocrx_word' id='word_1_41' title='bbox 128 1419 317 1515; x_wconf 41' lang='lat' dir='ltr'>witebi-¹⁶1</span> <span class='ocrx_word' id='word_1_42' title='bbox 357 1471 467 1515; x_wconf 86' lang='lat' dir='ltr'>mense</span> <span class='ocrx_word' id='word_1_43' title='bbox 490 1447 663 1514; x_wconf 81' lang='lat' dir='ltr'>Februarii</span> <span class='ocrx_word' id='word_1_44' title='bbox 677 1474 731 1513; x_wconf 71' lang='grc' dir='ltr'>ε·-</span> 
     </span>
    </p>
   </div>
   <div class='ocr_carea' id='block_1_6' title="bbox 401 1559 1415 4526">
    <p class='ocr_par' dir='ltr' id='par_1_6' title="bbox 402 1559 1414 1750">
     <span class='ocr_line' id='line_1_8' title="bbox 402 1559 1414 1649; baseline 0 -22"><span class='ocrx_word' id='word_1_45' title='bbox 402 1564 458 1649; x_wconf 88' lang='grc'>(1.)</span> <span class='ocrx_word' id='word_1_46' title='bbox 484 1561 582 1643; x_wconf 80' lang='lat' dir='ltr'>Quod</span> <span class='ocrx_word' id='word_1_47' title='bbox 614 1561 705 1626; x_wconf 85' lang='lat' dir='ltr'>Deus</span> <span class='ocrx_word' id='word_1_48' title='bbox 737 1560 836 1625; x_wconf 81' lang='lat' dir='ltr'>Pater</span> <span class='ocrx_word' id='word_1_49' title='bbox 865 1560 976 1648; x_wconf 89' lang='lat' dir='ltr'>potuit</span> <span class='ocrx_word' id='word_1_50' title='bbox 1001 1559 1195 1646; x_wconf 80' lang='lat' dir='ltr'>produxisse</span> <span class='ocrx_word' id='word_1_51' title='bbox 1226 1566 1414 1627; x_wconf 77' lang='lat' dir='ltr'>creaturam</span> 
     </span>
     <span class='ocr_line' id='line_1_9' title="bbox 535 1663 1330 1750; baseline 0.001 -22"><span class='ocrx_word' id='word_1_52' title='bbox 535 1669 613 1729; x_wconf 82' lang='lat' dir='ltr'>ante</span> <span class='ocrx_word' id='word_1_53' title='bbox 636 1663 783 1729; x_wconf 90' lang='lat' dir='ltr'>Verbum</span> <span class='ocrx_word' id='word_1_54' title='bbox 806 1663 941 1750; x_wconf 84' lang='lat' dir='ltr'>origine,</span> <span class='ocrx_word' id='word_1_55' title='bbox 963 1668 1083 1727; x_wconf 76' lang='lat' dir='ltr'>natum</span> <span class='ocrx_word' id='word_1_56' title='bbox 1096 1663 1151 1727; x_wconf 83' lang='lat' dir='ltr'>vel</span> <span class='ocrx_word' id='word_1_57' title='bbox 1173 1667 1330 1750; x_wconf 82' lang='lat' dir='ltr'>tempore.</span> 
     </span>
    </p>

    <p class='ocr_par' dir='ltr' id='par_1_7' title="bbox 405 1767 1415 2059">
     <span class='ocr_line' id='line_1_10' title="bbox 405 1767 1414 1855; baseline -0.001 -22"><span class='ocrx_word' id='word_1_58' title='bbox 405 1770 461 1855; x_wconf 75' lang='lat'>(⁶2.)</span> <span class='ocrx_word' id='word_1_59' title='bbox 487 1767 584 1848; x_wconf 81' lang='lat' dir='ltr'>Quod</span> <span class='ocrx_word' id='word_1_60' title='bbox 608 1767 708 1832; x_wconf 81' lang='lat' dir='ltr'>Pater</span> <span class='ocrx_word' id='word_1_61' title='bbox 732 1767 843 1855; x_wconf 91' lang='lat' dir='ltr'>potuit</span> <span class='ocrx_word' id='word_1_62' title='bbox 869 1767 1044 1854; x_wconf 88' lang='lat' dir='ltr'>producere</span> <span class='ocrx_word' id='word_1_63' title='bbox 1070 1787 1199 1830; x_wconf 88' lang='lat' dir='ltr'>omnem</span> <span class='ocrx_word' id='word_1_64' title='bbox 1225 1771 1414 1832; x_wconf 81' lang='lat' dir='ltr'>creaturam</span> 
     </span>
     <span class='ocr_line' id='line_1_11' title="bbox 537 1868 1415 1955; baseline 0.005 -22"><span class='ocrx_word' id='word_1_65' title='bbox 537 1871 607 1934; x_wconf 84' lang='lat' dir='ltr'>sine</span> <span class='ocrx_word' id='word_1_66' title='bbox 642 1868 728 1934; x_wconf 85' lang='lat' dir='ltr'>Filio</span> <span class='ocrx_word' id='word_1_67' title='bbox 762 1869 969 1955; x_wconf 72' lang='lat' dir='ltr'>producente,</span> <span class='ocrx_word' id='word_1_68' title='bbox 1002 1869 1042 1933; x_wconf 93' lang='lat' dir='ltr'>de</span> <span class='ocrx_word' id='word_1_69' title='bbox 1076 1869 1227 1954; x_wconf 81' lang='lat' dir='ltr'>potentia</span> <span class='ocrx_word' id='word_1_70' title='bbox 1258 1869 1415 1937; x_wconf 78' lang='lat' dir='ltr'>absoluto</span> 
     </span>
     <span class='ocr_line' id='line_1_12' title="bbox 537 1971 1108 2059; baseline 0 -23"><span class='ocrx_word' id='word_1_71' title='bbox 537 1971 599 2036; x_wconf 86' lang='lat' dir='ltr'>etsi</span> <span class='ocrx_word' id='word_1_72' title='bbox 623 1993 691 2036; x_wconf 93' lang='lat' dir='ltr'>non</span> <span class='ocrx_word' id='word_1_73' title='bbox 713 1972 753 2035; x_wconf 90' lang='lat' dir='ltr'>de</span> <span class='ocrx_word' id='word_1_74' title='bbox 777 1971 927 2059; x_wconf 81' lang='lat' dir='ltr'>potentio</span> <span class='ocrx_word' id='word_1_75' title='bbox 949 1971 1108 2036; x_wconf 73' lang='lat' dir='ltr'>ordinato</span> 
     </span>
    </p>

    <p class='ocr_par' dir='ltr' id='par_1_8' title="bbox 404 2074 1413 3085">
     <span class='ocr_line' id='line_1_13' title="bbox 404 2074 1413 2162; baseline 0 -21"><span class='ocrx_word' id='word_1_76' title='bbox 404 2077 459 2162; x_wconf 82' lang='lat'><strong>(3.)</strong></span> <span class='ocrx_word' id='word_1_77' title='bbox 485 2075 580 2155; x_wconf 82' lang='lat' dir='ltr'>Quod</span> <span class='ocrx_word' id='word_1_78' title='bbox 611 2076 673 2139; x_wconf 83' lang='lat' dir='ltr'>etsi</span> <span class='ocrx_word' id='word_1_79' title='bbox 705 2074 811 2138; x_wconf 88' lang='lat' dir='ltr'>Filius</span> <span class='ocrx_word' id='word_1_80' title='bbox 844 2074 969 2138; x_wconf 85' lang='lat' dir='ltr'>nullam</span> <span class='ocrx_word' id='word_1_81' title='bbox 994 2079 1178 2139; x_wconf 80' lang='lat' dir='ltr'>creaturam</span> <span class='ocrx_word' id='word_1_82' title='bbox 1208 2076 1413 2160; x_wconf 82' lang='lat' dir='ltr'>produceret,</span> 
     </span>
     <span class='ocr_line' id='line_1_14' title="bbox 535 2175 1412 2263; baseline 0.002 -23"><span class='ocrx_word' id='word_1_83' title='bbox 535 2175 589 2241; x_wconf 87' lang='lat' dir='ltr'>vel</span> <span class='ocrx_word' id='word_1_84' title='bbox 619 2176 835 2262; x_wconf 85' lang='lat' dir='ltr'>produxisset,</span> <span class='ocrx_word' id='word_1_85' title='bbox 863 2176 916 2240; x_wconf 91' lang='lat' dir='ltr'>vel</span> <span class='ocrx_word' id='word_1_86' title='bbox 942 2176 1117 2262; x_wconf 86' lang='lat' dir='ltr'>producere</span> <span class='ocrx_word' id='word_1_87' title='bbox 1139 2178 1313 2263; x_wconf 75' lang='lat' dir='ltr'>potuisset,</span> <span class='ocrx_word' id='word_1_88' title='bbox 1338 2199 1412 2242; x_wconf 91' lang='lat' dir='ltr'>cum</span> 
     </span>
     <span class='ocr_line' id='line_1_15' title="bbox 537 2263 1412 2368; baseline 0.001 -23"><span class='ocrx_word' id='word_1_89' title='bbox 537 2280 635 2345; x_wconf 84' lang='lat' dir='ltr'>Pater</span> <span class='ocrx_word' id='word_1_90' title='bbox 665 2263 794 2343; x_wconf 81' lang='lat' dir='ltr'>omnem</span> <span class='ocrx_word' id='word_1_91' title='bbox 825 2283 1008 2344; x_wconf 82' lang='lat' dir='ltr'>creaturam</span> <span class='ocrx_word' id='word_1_92' title='bbox 1038 2278 1209 2344; x_wconf 79' lang='lat' dir='ltr'>creabilem</span> <span class='ocrx_word' id='word_1_93' title='bbox 1244 2280 1281 2344; x_wconf 91' lang='lat' dir='ltr'>in</span> <span class='ocrx_word' id='word_1_94' title='bbox 1312 2281 1412 2368; x_wconf 87' lang='lat' dir='ltr'>priori</span> 
     </span>
     <span class='ocr_line' id='line_1_16' title="bbox 536 2381 1411 2470; baseline 0.001 -23"><span class='ocrx_word' id='word_1_95' title='bbox 536 2382 681 2470; x_wconf 83' lang='lat' dir='ltr'>originis,</span> <span class='ocrx_word' id='word_1_96' title='bbox 697 2381 805 2447; x_wconf 87' lang='lat' dir='ltr'>Verbo</span> <span class='ocrx_word' id='word_1_97' title='bbox 820 2405 886 2447; x_wconf 90' lang='lat' dir='ltr'>non</span> <span class='ocrx_word' id='word_1_98' title='bbox 902 2382 1070 2469; x_wconf 91' lang='lat' dir='ltr'>producto,</span> <span class='ocrx_word' id='word_1_99' title='bbox 1086 2383 1289 2469; x_wconf 86' lang='lat' dir='ltr'>produceret,</span> <span class='ocrx_word' id='word_1_100' title='bbox 1308 2383 1411 2448; x_wconf 85' lang='lat' dir='ltr'>Filius</span> 
     </span>
     <span class='ocr_line' id='line_1_17' title="bbox 535 2485 1411 2572; baseline 0.003 -23"><span class='ocrx_word' id='word_1_101' title='bbox 535 2485 619 2550; x_wconf 90' lang='lat' dir='ltr'>nihil</span> <span class='ocrx_word' id='word_1_102' title='bbox 649 2486 759 2549; x_wconf 85' lang='lat' dir='ltr'>minus</span> <span class='ocrx_word' id='word_1_103' title='bbox 794 2490 879 2551; x_wconf 86' lang='lat' dir='ltr'>esset</span> <span class='ocrx_word' id='word_1_104' title='bbox 911 2487 1126 2572; x_wconf 86' lang='lat' dir='ltr'>omnipotens,</span> <span class='ocrx_word' id='word_1_105' title='bbox 1161 2486 1239 2569; x_wconf 84' lang='lat' dir='ltr'>quio</span> <span class='ocrx_word' id='word_1_106' title='bbox 1278 2486 1411 2552; x_wconf 82' lang='lat' dir='ltr'>haberet</span> 
     </span>
     <span class='ocr_line' id='line_1_18' title="bbox 537 2588 1409 2675; baseline 0 -21"><span class='ocrx_word' id='word_1_107' title='bbox 537 2588 674 2654; x_wconf 86' lang='lat' dir='ltr'>condem</span> <span class='ocrx_word' id='word_1_108' title='bbox 689 2588 759 2652; x_wconf 89' lang='lat' dir='ltr'>vim</span> <span class='ocrx_word' id='word_1_109' title='bbox 781 2594 816 2653; x_wconf 88' lang='lat' dir='ltr'>et</span> <span class='ocrx_word' id='word_1_110' title='bbox 840 2588 978 2652; x_wconf 83' lang='lat' dir='ltr'>eandem</span> <span class='ocrx_word' id='word_1_111' title='bbox 1002 2589 1187 2675; x_wconf 84' lang='lat' dir='ltr'>potentiam</span> <span class='ocrx_word' id='word_1_112' title='bbox 1211 2610 1287 2653; x_wconf 88' lang='lat' dir='ltr'>oum</span> <span class='ocrx_word' id='word_1_113' title='bbox 1303 2589 1409 2666; x_wconf 81' lang='lat' dir='ltr'>Putre,</span> 
     </span>
     <span class='ocr_line' id='line_1_19' title="bbox 535 2690 1410 2778; baseline 0 -22"><span class='ocrx_word' id='word_1_114' title='bbox 535 2690 620 2757; x_wconf 88' lang='lat' dir='ltr'>sicut</span> <span class='ocrx_word' id='word_1_115' title='bbox 636 2690 780 2778; x_wconf 83' lang='lat' dir='ltr'>Spiritus</span> <span class='ocrx_word' id='word_1_116' title='bbox 796 2691 937 2755; x_wconf 81' lang='lat' dir='ltr'>Sanetus</span> <span class='ocrx_word' id='word_1_117' title='bbox 952 2697 1002 2755; x_wconf 88' lang='lat' dir='ltr'>cst</span> <span class='ocrx_word' id='word_1_118' title='bbox 1026 2690 1242 2777; x_wconf 87' lang='lat' dir='ltr'>omnipotens,</span> <span class='ocrx_word' id='word_1_119' title='bbox 1260 2692 1410 2776; x_wconf 85' lang='lat' dir='ltr'>quamvis</span> 
     </span>
     <span class='ocr_line' id='line_1_20' title="bbox 536 2792 1409 2881; baseline 0 -23"><span class='ocrx_word' id='word_1_120' title='bbox 536 2817 601 2859; x_wconf 91' lang='lat' dir='ltr'>non</span> <span class='ocrx_word' id='word_1_121' title='bbox 627 2794 730 2881; x_wconf 83' lang='lat' dir='ltr'>possit</span> <span class='ocrx_word' id='word_1_122' title='bbox 745 2793 922 2881; x_wconf 88' lang='lat' dir='ltr'>producere</span> <span class='ocrx_word' id='word_1_123' title='bbox 939 2792 1063 2856; x_wconf 90' lang='lat' dir='ltr'>Filium</span> <span class='ocrx_word' id='word_1_124' title='bbox 1078 2793 1163 2857; x_wconf 90' lang='lat' dir='ltr'>sicut</span> <span class='ocrx_word' id='word_1_125' title='bbox 1178 2792 1281 2857; x_wconf 83' lang='lat' dir='ltr'>Pater</span> <span class='ocrx_word' id='word_1_126' title='bbox 1294 2798 1409 2881; x_wconf 88' lang='lat' dir='ltr'>potest,</span> 
     </span>
     <span class='ocr_line' id='line_1_21' title="bbox 536 2894 1409 2984; baseline 0.002 -24"><span class='ocrx_word' id='word_1_127' title='bbox 536 2898 624 2984; x_wconf 86' lang='lat' dir='ltr'>quin,</span> <span class='ocrx_word' id='word_1_128' title='bbox 640 2918 707 2962; x_wconf 91' lang='lat' dir='ltr'>non</span> <span class='ocrx_word' id='word_1_129' title='bbox 731 2896 891 2971; x_wconf 85' lang='lat' dir='ltr'>obstante,</span> <span class='ocrx_word' id='word_1_130' title='bbox 909 2894 962 2959; x_wconf 91' lang='lat' dir='ltr'>hic</span> <span class='ocrx_word' id='word_1_131' title='bbox 984 2904 1098 2959; x_wconf 82' lang='lat' dir='ltr'>tomen</span> <span class='ocrx_word' id='word_1_132' title='bbox 1117 2894 1255 2960; x_wconf 85' lang='lat' dir='ltr'>haberet</span> <span class='ocrx_word' id='word_1_133' title='bbox 1273 2897 1409 2962; x_wconf 79' lang='lat' dir='ltr'>eandem</span> 
     </span>
     <span class='ocr_line' id='line_1_22' title="bbox 536 2997 1257 3085; baseline 0.001 -22"><span class='ocrx_word' id='word_1_134' title='bbox 536 2999 606 3063; x_wconf 89' lang='lat' dir='ltr'>vim</span> <span class='ocrx_word' id='word_1_135' title='bbox 629 3005 663 3064; x_wconf 89' lang='lat' dir='ltr'>et</span> <span class='ocrx_word' id='word_1_136' title='bbox 686 2999 823 3063; x_wconf 80' lang='lat' dir='ltr'>eandem</span> <span class='ocrx_word' id='word_1_137' title='bbox 845 2997 1030 3085; x_wconf 87' lang='lat' dir='ltr'>potentiam</span> <span class='ocrx_word' id='word_1_138' title='bbox 1053 3019 1127 3061; x_wconf 91' lang='lat' dir='ltr'>cum</span> <span class='ocrx_word' id='word_1_139' title='bbox 1152 2998 1257 3064; x_wconf 86' lang='lat' dir='ltr'>Patre.</span> 
     </span>
    </p>

    <p class='ocr_par' dir='ltr' id='par_1_9' title="bbox 402 3099 1409 3371">
     <span class='ocr_line' id='line_1_23' title="bbox 402 3099 1409 3188; baseline 0.003 -23"><span class='ocrx_word' id='word_1_140' title='bbox 402 3103 457 3188; x_wconf 79' lang='lat'><em>(4.)</em></span> <span class='ocrx_word' id='word_1_141' title='bbox 476 3102 571 3182; x_wconf 81' lang='lat' dir='ltr'>Quod</span> <span class='ocrx_word' id='word_1_142' title='bbox 587 3102 615 3165; x_wconf 89' lang='lat' dir='ltr'>si</span> <span class='ocrx_word' id='word_1_143' title='bbox 630 3106 780 3166; x_wconf 77' lang='lat' dir='ltr'>creatura</span> <span class='ocrx_word' id='word_1_144' title='bbox 794 3099 1029 3186; x_wconf 84' lang='lat' dir='ltr'>produceretur</span> <span class='ocrx_word' id='word_1_145' title='bbox 1047 3104 1124 3164; x_wconf 85' lang='lat' dir='ltr'>onte</span> <span class='ocrx_word' id='word_1_146' title='bbox 1138 3100 1295 3181; x_wconf 83' lang='lat' dir='ltr'>Verbum,</span> <span class='ocrx_word' id='word_1_147' title='bbox 1313 3102 1409 3168; x_wconf 85' lang='lat' dir='ltr'>debet</span> 
     </span>
     <span class='ocr_line' id='line_1_24' title="bbox 532 3203 1406 3291; baseline 0.002 -24"><span class='ocrx_word' id='word_1_148' title='bbox 532 3203 673 3291; x_wconf 84' lang='lat' dir='ltr'>intelligi</span> <span class='ocrx_word' id='word_1_149' title='bbox 704 3203 838 3289; x_wconf 88' lang='lat' dir='ltr'>produci</span> <span class='ocrx_word' id='word_1_150' title='bbox 862 3226 882 3267; x_wconf 83' lang='lat' dir='ltr'>a</span> <span class='ocrx_word' id='word_1_151' title='bbox 906 3203 1011 3289; x_wconf 78' lang='lat' dir='ltr'>prima</span> <span class='ocrx_word' id='word_1_152' title='bbox 1041 3224 1179 3290; x_wconf 79' lang='lat' dir='ltr'>persono</span> <span class='ocrx_word' id='word_1_153' title='bbox 1209 3204 1245 3268; x_wconf 91' lang='lat' dir='ltr'>in</span> <span class='ocrx_word' id='word_1_154' title='bbox 1277 3205 1406 3284; x_wconf 70' lang='lat' dir='ltr'>divinis</span> 
     </span>
     <span class='ocr_line' id='line_1_25' title="bbox 535 3306 776 3371; baseline -0.004 0"><span class='ocrx_word' id='word_1_155' title='bbox 535 3329 601 3371; x_wconf 91' lang='lat' dir='ltr'>non</span> <span class='ocrx_word' id='word_1_156' title='bbox 624 3330 644 3370; x_wconf 83' lang='lat' dir='ltr'>o</span> <span class='ocrx_word' id='word_1_157' title='bbox 668 3306 776 3371; x_wconf 80' lang='lat' dir='ltr'>Patre.</span> 
     </span>
    </p>

    <p class='ocr_par' dir='ltr' id='par_1_10' title="bbox 402 3409 1409 3987">
     <span class='ocr_line' id='line_1_26' title="bbox 402 3409 1409 3497; baseline 0.002 -22"><span class='ocrx_word' id='word_1_158' title='bbox 402 3412 458 3497; x_wconf 80' lang='lat' dir='ltr'>(t.)</span> <span class='ocrx_word' id='word_1_159' title='bbox 484 3410 579 3490; x_wconf 76' lang='lat' dir='ltr'>Quod</span> <span class='ocrx_word' id='word_1_160' title='bbox 603 3431 700 3496; x_wconf 83' lang='lat' dir='ltr'>opero</span> <span class='ocrx_word' id='word_1_161' title='bbox 714 3409 896 3489; x_wconf 81' lang='lat' dir='ltr'>Trinitatis,</span> <span class='ocrx_word' id='word_1_162' title='bbox 913 3413 1060 3494; x_wconf 87' lang='lat' dir='ltr'>respectu</span> <span class='ocrx_word' id='word_1_163' title='bbox 1076 3414 1309 3490; x_wconf 79' lang='lat' dir='ltr'>creaturarum,</span> <span class='ocrx_word' id='word_1_164' title='bbox 1331 3418 1409 3477; x_wconf 90' lang='lat' dir='ltr'>sunt</span> 
     </span>
     <span class='ocr_line' id='line_1_27' title="bbox 534 3509 1406 3590; baseline 0.003 -14"><span class='ocrx_word' id='word_1_165' title='bbox 534 3509 750 3576; x_wconf 81' lang='lat' dir='ltr'>indistincta¹</span> <span class='ocrx_word' id='word_1_166' title='bbox 780 3511 820 3575; x_wconf 90' lang='lat' dir='ltr'>de</span> <span class='ocrx_word' id='word_1_167' title='bbox 851 3510 947 3590; x_wconf 85' lang='lat' dir='ltr'>facto,</span> <span class='ocrx_word' id='word_1_168' title='bbox 978 3533 1044 3574; x_wconf 92' lang='lat' dir='ltr'>non</span> <span class='ocrx_word' id='word_1_169' title='bbox 1076 3517 1187 3576; x_wconf 83' lang='lat' dir='ltr'>tamen</span> <span class='ocrx_word' id='word_1_170' title='bbox 1219 3516 1406 3590; x_wconf 84' lang='lat' dir='ltr'>necessarie,</span> 
     </span>
     <span class='ocr_line' id='line_1_28' title="bbox 534 3615 1408 3702; baseline 0.003 -23"><span class='ocrx_word' id='word_1_171' title='bbox 534 3616 613 3700; x_wconf 83' lang='lat' dir='ltr'>quia</span> <span class='ocrx_word' id='word_1_172' title='bbox 641 3615 706 3679; x_wconf 85' lang='lat' dir='ltr'>olio</span> <span class='ocrx_word' id='word_1_173' title='bbox 731 3615 827 3678; x_wconf 91' lang='lat' dir='ltr'>modo</span> <span class='ocrx_word' id='word_1_174' title='bbox 858 3625 968 3701; x_wconf 82' lang='lat' dir='ltr'>posset</span> <span class='ocrx_word' id='word_1_175' title='bbox 995 3615 1067 3679; x_wconf 89' lang='lat' dir='ltr'>fieri</span> <span class='ocrx_word' id='word_1_176' title='bbox 1098 3615 1139 3680; x_wconf 86' lang='lat' dir='ltr'>de</span> <span class='ocrx_word' id='word_1_177' title='bbox 1169 3618 1320 3702; x_wconf 82' lang='lat' dir='ltr'>potentia</span> <span class='ocrx_word' id='word_1_178' title='bbox 1347 3619 1408 3683; x_wconf 91' lang='lat' dir='ltr'>Dei</span> 
     </span>
     <span class='ocr_line' id='line_1_29' title="bbox 534 3716 1406 3802; baseline 0.002 -20"><span class='ocrx_word' id='word_1_179' title='bbox 534 3717 693 3792; x_wconf 84' lang='lat' dir='ltr'>absoluta,</span> <span class='ocrx_word' id='word_1_180' title='bbox 732 3718 817 3781; x_wconf 88' lang='lat' dir='ltr'>sicut</span> <span class='ocrx_word' id='word_1_181' title='bbox 864 3716 1047 3802; x_wconf 85' lang='lat' dir='ltr'>redemptio</span> <span class='ocrx_word' id='word_1_182' title='bbox 1094 3719 1222 3802; x_wconf 85' lang='lat' dir='ltr'>generis</span> <span class='ocrx_word' id='word_1_183' title='bbox 1269 3720 1406 3784; x_wconf 77' lang='lat' dir='ltr'>humani</span> 
     </span>
     <span class='ocr_line' id='line_1_30' title="bbox 531 3819 1406 3908; baseline 0.005 -24"><span class='ocrx_word' id='word_1_184' title='bbox 531 3826 641 3908; x_wconf 88' lang='lat' dir='ltr'>posset</span> <span class='ocrx_word' id='word_1_185' title='bbox 670 3820 749 3895; x_wconf 90' lang='lat' dir='ltr'>fieri,</span> <span class='ocrx_word' id='word_1_186' title='bbox 780 3819 833 3883; x_wconf 90' lang='lat' dir='ltr'>vel</span> <span class='ocrx_word' id='word_1_187' title='bbox 868 3821 1030 3905; x_wconf 86' lang='lat' dir='ltr'>potuisset</span> <span class='ocrx_word' id='word_1_188' title='bbox 1060 3820 1143 3897; x_wconf 86' lang='lat' dir='ltr'>fieri,</span> <span class='ocrx_word' id='word_1_189' title='bbox 1180 3821 1251 3886; x_wconf 89' lang='lat' dir='ltr'>sine</span> <span class='ocrx_word' id='word_1_190' title='bbox 1283 3822 1406 3889; x_wconf 80' lang='lat' dir='ltr'>Christi</span> 
     </span>
     <span class='ocr_line' id='line_1_31' title="bbox 533 3923 956 3987; baseline -0.002 0"><span class='ocrx_word' id='word_1_191' title='bbox 533 3929 639 3987; x_wconf 89' lang='lat' dir='ltr'>morte</span> <span class='ocrx_word' id='word_1_192' title='bbox 665 3928 699 3987; x_wconf 88' lang='lat' dir='ltr'>ct</span> <span class='ocrx_word' id='word_1_193' title='bbox 723 3923 956 3986; x_wconf 80' lang='lat' dir='ltr'>incarnatione.</span> 
     </span>
    </p>

    <p class='ocr_par' dir='ltr' id='par_1_11' title="bbox 401 4024 1407 4526">
     <span class='ocr_line' id='line_1_32' title="bbox 401 4024 1406 4115; baseline 0.002 -23"><span class='ocrx_word' id='word_1_194' title='bbox 401 4029 456 4113; x_wconf 85' lang='grc'>(6.)</span> <span class='ocrx_word' id='word_1_195' title='bbox 482 4027 578 4107; x_wconf 79' lang='lat' dir='ltr'>Quod</span> <span class='ocrx_word' id='word_1_196' title='bbox 608 4027 637 4089; x_wconf 70' lang='lat' dir='ltr'>si</span> <span class='ocrx_word' id='word_1_197' title='bbox 664 4025 763 4090; x_wconf 85' lang='lat' dir='ltr'>Poter</span> <span class='ocrx_word' id='word_1_198' title='bbox 792 4030 901 4110; x_wconf 89' lang='lat' dir='ltr'>potest</span> <span class='ocrx_word' id='word_1_199' title='bbox 924 4024 1099 4112; x_wconf 85' lang='lat' dir='ltr'>producere</span> <span class='ocrx_word' id='word_1_200' title='bbox 1132 4025 1288 4103; x_wconf 87' lang='lat' dir='ltr'>Verbum,</span> <span class='ocrx_word' id='word_1_201' title='bbox 1320 4030 1406 4115; x_wconf 92' lang='lat' dir='ltr'>quod</span> 
     </span>
     <span class='ocr_line' id='line_1_33' title="bbox 531 4129 1405 4214; baseline 0.009 -23"><span class='ocrx_word' id='word_1_202' title='bbox 531 4129 637 4214; x_wconf 84' lang='lat' dir='ltr'>majus</span> <span class='ocrx_word' id='word_1_203' title='bbox 671 4134 722 4192; x_wconf 83' lang='lat' dir='ltr'>est</span> <span class='ocrx_word' id='word_1_204' title='bbox 752 4150 850 4213; x_wconf 83' lang='lat' dir='ltr'>quom</span> <span class='ocrx_word' id='word_1_205' title='bbox 885 4134 1040 4199; x_wconf 81' lang='lat' dir='ltr'>creatura,</span> <span class='ocrx_word' id='word_1_206' title='bbox 1068 4129 1137 4192; x_wconf 86' lang='lat' dir='ltr'>sine</span> <span class='ocrx_word' id='word_1_207' title='bbox 1168 4131 1262 4207; x_wconf 92' lang='lat' dir='ltr'>socio,</span> <span class='ocrx_word' id='word_1_208' title='bbox 1294 4134 1405 4198; x_wconf 82' lang='lat' dir='ltr'>eudem</span> 
     </span>
     <span class='ocr_line' id='line_1_34' title="bbox 532 4232 1406 4321; baseline 0.008 -25"><span class='ocrx_word' id='word_1_209' title='bbox 532 4233 667 4308; x_wconf 84' lang='lat' dir='ltr'>ratione,</span> <span class='ocrx_word' id='word_1_210' title='bbox 685 4232 736 4297; x_wconf 83' lang='lat' dir='ltr'>vel</span> <span class='ocrx_word' id='word_1_211' title='bbox 749 4233 873 4317; x_wconf 84' lang='lat' dir='ltr'>majori,</span> <span class='ocrx_word' id='word_1_212' title='bbox 891 4234 990 4298; x_wconf 86' lang='lat' dir='ltr'>Pater</span> <span class='ocrx_word' id='word_1_213' title='bbox 1005 4238 1113 4320; x_wconf 87' lang='lat' dir='ltr'>potest</span> <span class='ocrx_word' id='word_1_214' title='bbox 1129 4236 1305 4321; x_wconf 82' lang='lat' dir='ltr'>producere</span> <span class='ocrx_word' id='word_1_215' title='bbox 1321 4260 1406 4305; x_wconf 86' lang='lat' dir='ltr'>crea·</span> 
     </span>
     <span class='ocr_line' id='line_1_35' title="bbox 530 4320 1407 4421; baseline 0.011 -23"><span class='ocrx_word' id='word_1_216' title='bbox 530 4341 648 4411; x_wconf 81' lang='lat' dir='ltr'>turam,</span> <span class='ocrx_word' id='word_1_217' title='bbox 672 4356 745 4420; x_wconf 83' lang='lat' dir='ltr'>quae</span> <span class='ocrx_word' id='word_1_218' title='bbox 772 4336 879 4400; x_wconf 85' lang='lat' dir='ltr'>minor</span> <span class='ocrx_word' id='word_1_219' title='bbox 902 4343 961 4414; x_wconf 85' lang='lat' dir='ltr'>est,</span> <span class='ocrx_word' id='word_1_220' title='bbox 979 4337 1048 4401; x_wconf 90' lang='lat' dir='ltr'>sine</span> <span class='ocrx_word' id='word_1_221' title='bbox 1074 4337 1168 4418; x_wconf 87' lang='lat' dir='ltr'>socio,</span> <span class='ocrx_word' id='word_1_222' title='bbox 1197 4338 1233 4403; x_wconf 90' lang='lat' dir='ltr'>id</span> <span class='ocrx_word' id='word_1_223' title='bbox 1254 4320 1312 4421; x_wconf 77' lang='lat' dir='ltr'>cst,</span> <span class='ocrx_word' id='word_1_224' title='bbox 1340 4343 1407 4408; x_wconf 89' lang='lat' dir='ltr'>sine</span> 
     </span>
     <span class='ocr_line' id='line_1_36' title="bbox 534 4437 848 4526; baseline 0.013 -26"><span class='ocrx_word' id='word_1_225' title='bbox 534 4437 619 4502; x_wconf 86' lang='lat' dir='ltr'>Filio</span> <span class='ocrx_word' id='word_1_226' title='bbox 644 4437 848 4526; x_wconf 82' lang='lat' dir='ltr'>producente.</span> 
     </span>
    </p>
   </div>
   <div class='ocr_carea' id='block_1_7' title="bbox 365 4579 1401 4597">
    <p class='ocr_par' dir='ltr' id='par_1_12' title="bbox 365 4579 1401 4597">
     <span class='ocr_line' id='line_1_37' title="bbox 365 4579 1401 4597; baseline 0.01 -10"><span class='ocrx_word' id='word_1_227' title='bbox 365 4579 674 4589; x_wconf 74' lang='lat'>.-..-——-—---—.—-—.</span> <span class='ocrx_word' id='word_1_228' title='bbox 694 4585 732 4590; x_wconf 49' lang='lat'><strong>-..⁴</strong></span> <span class='ocrx_word' id='word_1_229' title='bbox 915 4586 923 4591; x_wconf 87' lang='lat'><em>-</em></span> <span class='ocrx_word' id='word_1_230' title='bbox 954 4586 1085 4593; x_wconf 44' lang='lat' dir='ltr'>Q—v—</span> <span class='ocrx_word' id='word_1_231' title='bbox 1099 4587 1401 4597; x_wconf 70' lang='lat'>.---—--·——0-.—-·</span> 
     </span>
    </p>
   </div>
   <div class='ocr_carea' id='block_1_8' title="bbox 769 4645 987 4700">
    <p class='ocr_par' dir='ltr' id='par_1_13' title="bbox 769 4645 987 4700">
     <span class='ocr_line' id='line_1_38' title="bbox 769 4645 987 4700; baseline 0 -6"><span class='ocrx_word' id='word_1_232' title='bbox 769 4647 774 4675; x_wconf 93' lang='lat'><strong>¹</strong></span> <span class='ocrx_word' id='word_1_233' title='bbox 789 4645 843 4695; x_wconf 82' lang='lat' dir='ltr'>MS.</span> <span class='ocrx_word' id='word_1_234' title='bbox 856 4645 987 4700; x_wconf 77' lang='lat' dir='ltr'>indistictu.</span> 
     </span>
    </p>
   </div>
   <div class='ocr_carea' id='block_1_9' title="bbox 0 0 1550 5490">
    <p class='ocr_par' dir='ltr' id='par_1_14' title="bbox 0 0 1550 5490">
     <span class='ocr_line' id='line_1_39' title="bbox 0 0 1550 5490; baseline 0 1"><span class='ocrx_word' id='word_1_235' title='bbox 0 0 1550 5490; x_wconf 95' lang='lat' dir='ltr'> </span> 
     </span>
    </p>
   </div>
  </div>
 </body>
</html>
