3036 5468
252 670 347 718 emm
370 668 602 719 enncmannn
629 672 671 719 nr
694 670 981 721 rnocusnronun.
1074 659 1138 721 209

84 845 240 911 videficet
273 847 361 933 qnod
394 846 516 933 legeret
547 847 653 933 palam
681 852 716 913 et
747 847 875 933 publice
897 847 1137 913 revocationem

84 946 338 1035 infrascriptam,
363 972 422 1014 nee
445 950 604 1027 addendo,
628 971 689 1014 nec
703 949 924 1028 diminuendo
948 971 1008 1015 nee
1030 949 1140 1035 aliqua

84 1050 208 1114 verlra¹
256 1101 262 1115 .
309 1104 315 1115 .
362 1101 368 1115 .
415 1102 421 1116 .
469 1051 534 1115 ddo
569 1052 605 1115 in
638 1052 769 1138 publico
801 1053 837 1116 in
868 1052 1003 1118 ecclesia
1027 1053 1139 1117 Beatae

85 1150 203 1217 Mariae
233 1152 380 1240 Virginis
408 1154 556 1231 Oxonire,
595 1154 649 1218 die
680 1154 856 1220 Dominica
886 1156 1037 1241 proxima
1065 1159 1141 1241 post

84 1253 208 1319 festum
231 1256 262 1321 S.
287 1256 512 1343 Frideswydae
538 1257 725 1343 proximum
757 1278 904 1343 sequens,
927 1258 1043 1322 statim
1065 1261 1140 1343 post

85 1378 269 1423 sermonem
286 1358 534 1436 Universitntis
556 1382 654 1445 quem
668 1381 736 1424 non
758 1360 827 1445 ipse
843 1359 900 1425 sed
922 1360 1007 1425 alius
1021 1360 1142 1425 taceret

85 1458 145 1524 illo
167 1460 246 1533 die„
277 1460 323 1526 Et
346 1462 389 1525 nd
419 1462 480 1527 hoe
503 1461 571 1526 fnit
599 1462 776 1547 praedictus
803 1460 972 1527 lohannes
996 1462 1138 1547 juratus,

84 1562 121 1627 in
144 1563 320 1649 praesentia
342 1563 439 1629 etde
472 1563 605 1629 lieentia
626 1564 677 1628 sni
710 1562 904 1650 Principalis
936 1569 971 1629 et
999 1565 1138 1629 aliorum

84 1664 265 1744 doctorum,
289 1672 324 1731 et
347 1665 498 1731 Priorum
521 1666 602 1733 dicti
625 1666 756 1731 ordinis.

132 1807 226 1887 Item,
242 1808 397 1873 convenit
419 1809 526 1874 dictus
550 1809 573 1873 J
574 1810 720 1874 ohannes
741 1810 828 1896 quod
852 1808 993 1875 solveret
1008 1816 1138 1875 centurn
1152 1817 1334 1912 ffiffiffie

84 1908 207 1973 solidos
230 1908 452 1975 Universitati
475 1910 588 1974 eodem
611 1910 665 1976 die
689 1910 863 1977 Dominico
884 1911 939 1976 vel
961 1911 1049 1977 citra.
1152 1919 1190 2014 {pp
1199 1919 1294 2023 vm

131 2053 226 2131 Item,
251 2054 454 2121 ordinatum
477 2054 556 2141 fuit
581 2076 640 2141 per
660 2054 843 2141 deputatos,
860 2054 948 2141 quod
969 2078 1140 2142 nunquam
1152 2068 1327 2165 metm

85 2164 255 2223 exerceret
280 2163 391 2223 aetnm
417 2157 608 2223 doctoratus
635 2158 670 2221 in
696 2157 926 2223 Universitate
951 2157 1130 2225 Oxoniensr
1153 2171 1333 2221 benhfflnever.

112 2258 149 2273 ..
243 2260 250 2274 .
325 2261 332 2275 .
415 2261 422 2275 .
642 2260 661 2273 ..
758 2260 765 2275 .
1132 2211 1347 2275 'withontepeelal

85 2280 153 2323 msr
174 2258 290 2325 habita
311 2260 445 2326 hoeni-ru
468 2259 663 2325 (lancellam
680 2264 714 2325 et
740 2260 945 2347 Singulorum
971 2260 1140 2327 doctorum
1152 2273 1282 2367 lieeneeppg

84 2361 123 2425 in
148 2360 323 2449 theologia,
348 2367 382 2427 ct
405 2361 658 2427 Procuratorem
682 2362 738 2447 qni
762 2384 821 2449 pro
844 2368 992 2449 tempore
1007 2324 1273 2477 fuerintffign

85 2468 121 2527 et
137 2464 249 2528 omnia
264 2465 329 2529 ista
351 2469 386 2529 et
408 2464 580 2550 quodlibet
602 2464 739 2528 istorum
756 2464 892 2530 admisit
907 2464 944 2528 in
966 2466 1142 2551 praesentia
1259 2455 1265 2467 ’

84 2566 138 2631 sni
167 2564 386 2652 Principalis,2
408 2570 444 2631 et
474 2566 515 2630 de
545 2566 679 2630 lieentia
717 2587 785 2643 sua,
825 2587 884 2652 pro
917 2568 1141 2632 satisfactione

83 2668 279 2733 delictorum
317 2668 559 2733 commissorum
596 2689 674 2753 erga
711 2666 979 2744 Universitatem,
1017 2675 1051 2733 et
1091 2674 1141 2733 est

85 2769 233 2836 monitus
254 2770 316 2835 sub
337 2770 442 2835 forma
468 2770 556 2855 juris
586 2792 644 2855 per
678 2768 926 2847 Cancellarium,
949 2768 1011 2834 sub
1041 2792 1139 2856 poena

85 2872 441 2951 excommunicationis,
462 2871 505 2935 ad
526 2871 753 2957 complendum
771 2872 882 2935 omnia
899 2871 1056 2957 praedicta
1069 2872 1139 2936 loeo

84 2982 122 3041 et
143 2980 299 3061 ternpore,
315 2980 354 3040 ut
369 2974 594 3061 praemittitur,
613 2974 735 3039 citatus
748 2973 815 3038 fuit
828 2974 871 3037 ad
886 2974 1137 3059 comparendum

84 3078 122 3141 in
158 3078 300 3142 crastino
337 3076 503 3142 Dominiei
540 3075 731 3163 supradicti,
761 3076 804 3141 ad
834 3075 1009 3141 dicendum
1039 3098 1138 3163 qnare

84 3180 359 3244 excommunicari
381 3200 449 3244 non
474 3178 602 3253 debeat,
629 3179 656 3243 si
687 3200 754 3243 non
784 3180 997 3266 compleverit
1028 3179 1139 3245 omnia

85 3281 283 3369 supradicte

132 3410 180 3474 Et
203 3410 267 3474 ista
288 3409 489 3496 peonitentia
511 3431 578 3475 non
607 3410 673 3475 fuit
706 3410 873 3475 immerito
908 3409 972 3476 sibi
1002 3410 1365 3512 lssffieim'fffi‘tffl'llg‘

86 3534 126 3578 eo
153 3512 241 3599 quod
265 3513 300 3576 in
323 3512 465 3598 quadam
493 3512 767 3577 determinatione
792 3512 872 3576 sna³
894 3512 1038 3598 hyemali
1053 3482 1205 3577 annolieri
1244 3516 1315 3560 *¹¹¹¹st

86 3615 277 3701 supradicto
303 3616 391 3681 dixit
414 3637 574 3701 expresse,
597 3621 696 3701 prout
728 3615 837 3680 schola
863 3615 1231 3679 certitudinalitertnt-

1152 3570 1221 3611 nehoo
1238 3564 1344 3609 declarent

85 3718 279 3803 reportavit,
314 3718 402 3804 quod
433 3716 570 3782 <leoinde
595 3716 813 3782 ecelesiarum
842 3716 954 3800 arrupte
978 3714 1366 3819 <labenturssfflffi¹3⁰¹tgssss

87 3817 369 3885 maledicentibus
390 3841 496 3905 pascent
520 3818 704 3885 rectoribus
731 3819 938 3884 coronule-ne.
1151 3818 1340 3913 mame

1150 3922 1271 3965 nocturnos

133 3967 227 4045 Item,
244 3968 333 4054 quod
356 3990 415 4033 rar
437 3990 460 4033 o
483 3966 613 4032 clericis
635 3973 664 4032 et
687 3965 777 4031 uiris
799 3962 1029 4030 ecelesiasticis
1051 3960 1282 4055 inunum-hm

85 4076 118 4135 et
139 4068 342 4135 inordinate
371 4068 561 4136 virenti-tus
594 4068 715 4155 ubsque
747 4064 888 4151 injurio
919 4042 1366 4157 posscesiorceslllfflil‘gffl

83 4179 195 4259 posset
217 4172 363 4259 auferre.
1151 4143 1367 4257 pppfflpna

1151 4245 1332 4301 temperantiam

94 4292 643 4304 ——-.——-—-—-—--.——-——-

122 4352 304 4402 'Anemure
611 4355 617 4448 1
641 4351 916 4415 maurimontensis,
934 4348 1080 4399 nsusnzdin
1097 4348 1140 4403 D..

122 4428 279 4494 'princiulr'a
297 4430 353 4482 MS.
388 4431 444 4480 The
463 4430 545 4480 whole
564 4432 596 4480 of
612 4456 617 4491 1
642 4432 684 4481 the
706 4431 777 4480 work
799 4430 830 4479 os
848 4445 864 4480 a
880 4444 941 4494 very
958 4430 1064 4479 careless
1091 4428 1140 4477 and

84 4510 138 4561 this
148 4512 283 4560 document
293 4511 316 4559 is
332 4512 498 4575 exceedingly
510 4511 591 4560 incor-
613 4498 618 4568 l
641 4511 786 4573 apparently
797 4509 916 4573 ignorant
927 4509 1083 4557 transcribet.

84 4590 240 4656 reetlyspelt
252 4591 302 4640 aad
310 4590 385 4639 much
397 4590 556 4640 abbreviated
565 4591 591 4638 in
613 4582 618 4658 ἰ
675 4592 745 4644 'anca
757 4588 815 4639 nis.

948 4684 970 4729 0
