3036 5468
301 740 395 794 nram
418 744 645 794 carosamnn
671 742 711 795 er
734 744 1017 797 raooumrosmr.
1141 735 1185 800 88

141 912 380 1000 “Apostolicos
401 915 608 995 aaoerdowa‚'’
623 921 683 982 etc.
730 917 775 983 Et
798 913 839 982 de
861 917 960 983 dictis
975 917 1129 984 Johanne
1151 923 1186 984 et

137 1014 289 1085 «Iohanne
310 1020 372 1085 fiat
394 1018 544 1086 similiter
566 1020 721 1086 memoria
743 1020 899 1108 specialis.

179 1190 277 1273 Item,
305 1194 394 1279 quod
428 1194 544 1259 electio
581 1192 754 1260 custodum
791 1194 880 1260 illius
917 1197 1015 1275 cistas,
1047 1195 1085 1260 in
1118 1210 1379 1315 quagffifflfuffi

137 1290 225 1359 dicta
243 1295 383 1381 pecunia
404 1300 623 1374 conservatur,
642 1297 679 1361 in
695 1294 810 1383 vigilia
832 1296 1054 1383 conceptionis
1068 1297 1182 1363 Beatae
1195 1312 1409 1367 whiuhthemoner

138 1394 253 1463 Muriae
267 1396 414 1484 Virginis
436 1399 531 1464 annis
553 1399 691 1485 siugulis
707 1397 906 1479 celebretur;
929 1405 963 1464 et
977 1399 1065 1484 quod
1082 1398 1182 1464 iidem
1193 1362 1404 1509 ffiffiffia

136 1499 286 1564 custodes
310 1500 477 1587 eligantur
506 1501 591 1567 sicut
614 1500 843 1565 Procuratores
867 1500 1116 1577 Universitatis,
1134 1515 1399 1610 ⁸0·¹,⁸¹,¹,¹,¹¹3?¹,¹ff’2¹3,{¹¹⁰

135 1602 279 1666 cundum
310 1601 448 1667 formam
485 1608 687 1668 statutorum
724 1623 821 1688 super
858 1602 918 1667 hoc
956 1602 1118 1668 editorum
1147 1603 1183 1667 in
1195 1579 1384 1719 md&

134 1702 272 1791 singulis
294 1704 443 1769 articulis
466 1705 680 1786 observatam,
699 1710 918 1791 praeterquam
939 1704 976 1770 in
998 1705 1067 1786 hoc,
1095 1707 1183 1791 quod
1195 1715 1394 1812 paup-tm

136 1805 355 1873 scrutatores¹
379 1807 416 1871 in
432 1807 589 1874 electione
604 1809 744 1873 istorum
759 1807 932 1873 custodum
947 1808 1015 1873 sint
1031 1809 1184 1895 quinque,
1196 1814 1384 1915 mh&

134 1906 298 1987 videlicet·
315 1904 430 1993 junior
452 1911 492 1975 de
519 1910 667 1996 qualibet
696 1910 862 1990 facultate,
885 1910 942 1996 qui
969 1910 1071 1976 etiam
1096 1895 1374 2025 eoru-ymerus

134 2009 211 2075 tinii
233 2011 440 2076 collationem
474 2014 563 2077 inter
596 2036 629 2078 se
663 2012 786 2078 faciant
818 2013 855 2086 in
888 2013 1026 2099 privato,
1049 2034 1118 2080 non
1146 2014 1184 2079 in

133 2112 274 2198 publico,
292 2113 365 2200 quis
388 2136 484 2201 quern
507 2116 659 2179 nominat
681 2116 894 2202 exprimendo
906 2141 914 2196 3
938 2121 972 2182 et
995 2116 1103 2202 quod²
1125 2117 1184 2204 qui

135 2211 299 2301 Regeutes
322 2214 390 2280 sint
413 2217 515 2296 electi,
540 2216 617 2282 licet
636 2221 749 2304 postea
776 2220 853 2282 ante
875 2217 977 2283 finem
999 2216 1079 2283 anni
1101 2218 1185 2285 fiant

134 2314 385 2403 Non-regentes,
408 2317 621 2384 nihilominus
643 2318 684 2384 de
712 2316 801 2383 diota
830 2318 979 2385 custodia
1009 2324 1184 2386 onerentur

134 2436 237 2505 usque
258 2417 303 2484 ad
325 2437 449 2484 annum
480 2422 667 2486 revolutum
690 2443 710 2485 a
732 2426 879 2507 tempore
909 2440 977 2486 suae
1007 2421 1183 2502 electionis,

133 2519 197 2586 nisi
219 2517 301 2586 alias
324 2542 367 2587 ex
388 2543 485 2588 causa
514 2522 662 2609 legitima
685 2522 862 2588 abeodem
885 2520 1035 2589 custodia
1059 2523 1184 2588 firerint

134 2624 317 2713 prepediti.

132 2796 136 2807 ¹
178 2808 275 2892 Item,
298 2812 386 2900 quod
415 2813 451 2878 in
484 2814 597 2880 eadem
629 2814 887 2902 congregatione,
916 2838 981 2902 qua
1015 2814 1392 2903 eligunturesaaemtrmo

131 2913 189 2980 isti
211 2915 370 2994 custodes,
393 2938 451 3003 per
470 2916 707 2982 Cancellarium
730 2939 803 2981 cum
820 2917 1007 3003 junioribus
1029 2917 1182 3004 theologo
1194 2891 1388 2986 iiiiihrsdi'iiii

132 3022 166 3083 et
189 3015 372 3095 decretista,
396 3023 431 3084 et
452 3040 511 3105 per
533 3019 761 3085 Procuratores
776 3019 829 3085 vel
852 3042 910 3106 per
931 3020 1182 3085 Procuratorum
1193 2988 1385 3137 iioeuidnffl

130 3118 338 3199 substitutos,
363 3120 483 3187 dentur
513 3121 678 3187 auditores
704 3122 850 3209 computi
873 3121 1018 3209 quinque
1048 3144 1182 3188 numero
1194 3090 1385 3239 {pzpi'fflffuo

132 3220 173 3289 de
189 3222 434 3289 discretioribus
450 3222 697 3302 Universitatis,
712 3224 799 3289 inter
822 3248 902 3312 quos
925 3227 994 3291 sint
1009 3225 1075 3293 duo
1090 3224 1182 3290 Non·
1193 3247 1374 3340 {mm

130 3329 292 3412 regentes,
326 3325 376 3391 ita
408 3326 497 3412 quod
528 3325 585 3390 isti
622 3325 722 3390 iidem
756 3327 928 3404 auditores,
964 3329 999 3392 in
1032 3347 1410 3440 proxlmaspteorthaphrat,

129 3428 381 3517 congregatione
420 3427 663 3516 Magistrorunr,
700 3428 921 3515 resumptione
959 3427 1072 3495 habita
1108 3434 1183 3516 post
1194 3400 1392 3540 inimffiiuffiuinog

128 3528 262 3605 Natale,
286 3530 382 3611 facta,
399 3529 572 3596 custodum
595 3535 629 3596 et
653 3528 805 3610 defectus,
828 3530 857 3594 si
880 3553 961 3616 quos
983 3531 1181 3610 invenerint,
1193 3500 1409 3642 ffoibpaiemiias

128 3655 295 3698 unacum
319 3639 410 3699 statu
437 3634 525 3698 illius
548 3633 639 3699 cistre
661 3632 715 3698 vel
745 3633 909 3699 armarioli
932 3632 1181 3712 Universitatis,
1209 3610 1224 3651 Υ
1257 3601 1412 3654 masreca,

128 3741 294 3820 quantum
325 3736 369 3800 ad
402 3737 640 3802 incrementum
674 3736 866 3822 contingens
898 3736 938 3800 de
974 3736 1181 3801 cautionibus

127 3837 286 3919 venditis,
310 3842 353 3918 et,
381 3839 491 3925 quoad
524 3837 618 3904 alia³
652 3839 775 3904 dictam
802 3837 919 3902 cistam
942 3837 996 3901 vel
1025 3837 1182 3902 armario-

125 3937 201 4004 lum
235 3941 469 4028 oontingentia‚
506 3947 541 4007 et
575 3943 674 4006 etiam
712 3939 922 4005 memoranda
958 3961 1016 4027 per
1052 3939 1181 4005 eosdem

126 4043 298 4108 auditores
329 4045 482 4122 confecta,
513 4066 673 4108 summam
705 4041 841 4108 totalem
873 4041 962 4106 illius
994 4042 1084 4108 cistae
1115 4063 1181 4106 una

128 4166 207 4210 cum
241 4166 369 4210 summa
400 4147 676 4212 incrementorum
708 4164 750 4211 ex
782 4144 973 4210 venditione
1006 4144 1181 4232 pignorum

130 4248 345 4332 proveniente
367 4249 580 4327 continentia,
601 4248 823 4315 Universitati
845 4248 1016 4337 porrigant
1037 4248 1073 4312 in
1095 4268 1181 4314 com·

173 4574 179 4603 ¹
190 4583 350 4639 succursores,
361 4578 395 4630 A.
717 4578 726 4607 ⁸
738 4575 819 4637 uliam,
830 4577 886 4631 MS.

171 4649 182 4677 ²
191 4652 251 4714 quod
260 4654 364 4706 omitted
374 4655 401 4705 in
413 4655 442 4706 C.
