3036 5468
346 656 390 719 64
510 667 601 715 mam
624 664 847 714 caucmnmn
870 665 912 712 rr
934 662 1221 712 raocnnarosuu.

118 862 333 914 asumpserunt
347 841 534 906 solemniter
555 839 742 914 celebretur,
757 838 892 924 utque
883 861 918 902 m
941 838 1047 903 missis
1061 859 1120 924 pro
1134 836 1404 902 benefactoribus

117 914 381 1009 tltffiliilssiain
404 942 562 1029 principio
572 941 815 1056 'resumptionis
839 941 1082 1027 Magistrorum
1105 946 1140 1005 et
1161 940 1309 1004 instante
1333 959 1404 1003 ces·

118 1021 261 1069 evonem
346 1045 480 1121 satione,
503 1066 541 1108 ac
570 1042 607 1106 in
639 1044 897 1128 processionibus
930 1043 1095 1121 faciendis,
1129 1043 1194 1107 et
1184 1064 1220 1106 m
1244 1040 1402 1105 omnibns

345 1146 419 1210 aliis
433 1146 538 1210 missis
553 1145 781 1210 communibus
797 1145 1035 1211 Universitatis
1054 1144 1195 1210 collectae
1216 1142 1400 1230 praedictae,

345 1270 419 1334 quse
453 1270 552 1334 supra
584 1269 642 1333 pro
677 1248 790 1312 eadem
824 1248 959 1312 domina
997 1248 1033 1311 in
1063 1247 1170 1310 missis
1199 1243 1400 1331 specialibus

344 1355 576 1427 memorantur,
600 1350 700 1414 etiam
731 1351 767 1414 in
798 1356 993 1436 perpetuum
1017 1345 1214 1426 recitentur,¹
1240 1346 1399 1433 quodque

346 1452 505 1538 Magistri,
541 1453 599 1538 qui
636 1453 750 1517 mortis
787 1474 855 1518 suae
893 1459 1039 1538 tempore
1074 1456 1223 1536 regentes
1261 1449 1400 1525 fuerint,

344 1555 491 1640 exequiis
531 1556 664 1620 missam
702 1577 776 1620 cum
813 1555 951 1641 singulis
995 1553 1165 1640 psalteriis
1203 1550 1297 1615 velut
1337 1572 1399 1638 pro

345 1657 503 1743 Magistro
534 1658 688 1722 defuncto
721 1657 793 1722 fieri
824 1658 915 1732 solet,
949 1656 1056 1722 dicere
1088 1660 1273 1733 teneantur,
1306 1653 1399 1718 bona

344 1758 409 1823 fide
431 1760 662 1845 promittimus,
685 1764 719 1823 et
742 1764 855 1824 tenore
879 1759 1088 1845 preesentium
1111 1753 1194 1821 nos⁹
1217 1760 1398 1821 arctamus.

389 1915 432 1981 In
466 1938 604 2000 quorum
638 1917 784 1981 omnium
818 1917 953 1981 evidens
979 1913 1212 1993 testimonium,
1247 1912 1398 1999 sigillum

345 2018 581 2083 Universitatis
615 2025 744 2099 nostrae,
768 2041 895 2084 necnon
917 2024 952 2084 et
973 2017 1116 2105 sigillum
1140 2015 1236 2080 officii
1260 2014 1401 2082 Cancel-

344 2119 416 2183 larii
439 2119 655 2205 praesentibus
678 2119 778 2184 sunt³
800 2143 950 2208 appensa

390 2221 514 2284 Datum
538 2219 675 2286 Oxoniae
697 2221 802 2309 pridie
826 2222 907 2287 Idus
931 2221 1013 2287 Maii
1043 2242 1129 2287 anno
1152 2219 1287 2286 Domini
1320 2221 1397 2285 mil-

344 2323 459 2388 lesimo
481 2323 703 2390 ducentesimo
725 2325 936 2413 nonagesimo
958 2323 1065 2391 tertio

346 2621 459 2688 ΑΗΔ*
495 2639 686 2690 oanrnsrm
709 2625 863 2690 Domum
887 2625 970 2689 Eum
993 2625 1189 2692 Courrrssn
1219 2639 1267 2688 nn
1289 2622 1401 2689 Wan-

715 2724 896 2793 v1un⁶nn
918 2743 1023 2793 mssa

390 2899 580 2985 Aspecturis
617 2907 652 2964 et
689 2902 852 2967 audituris
888 2897 1088 2989 praesentes⁶
1121 2900 1234 2965 literas
1268 2898 1400 2966 Christi

345 2999 505 3079 fidelibus,
530 3002 655 3086 Symon
680 3003 901 3068 Cancellarius
919 3003 1057 3068 Oxoniae
1081 3008 1247 3088 coetnsque
1271 3001 1400 3089 Magis-

346 3105 471 3165 trorum
487 3103 632 3185 ejusdem
648 3105 813 3170 unanimis
828 3106 968 3171 salutem
986 3107 1020 3169 in
1036 3106 1182 3171 omnium
1199 3103 1400 3171 salvatore?

121 3272 176 3367 Qppr
177 3272 196 3364 {v
195 3274 335 3366 &51⁰2
392 3256 515 3322 Fervor
548 3259 732 3326 devotionis
766 3267 800 3327 et
836 3263 983 3328 caritatis
1016 3263 1136 3327 nobilis
1167 3258 1331 3326 dominm⁸
1361 3265 1399 3326 et

120 3373 314 3468 gamm
347 3359 534 3424 reverende
574 3360 724 3428 Dominae
759 3364 829 3430 Elae
866 3364 1097 3481 Longespere⁹
1130 3362 1316 3430 Comitissae
1355 3364 1399 3427 de

122 3472 309 3571 »malmuu-
346 3459 493 3525 barren
492 3462 549 3546 yk,
573 3485 671 3548 quam
694 3466 778 3530 mult
764 3466 884 3551 tiplicit
885 3489 921 3531 er
942 3468 1043 3554 ipsius
1065 3468 1121 3553 pia
1144 3487 1242 3552 opera
1268 3470 1398 3551 protes-

346 3568 468 3638 tantur,
490 3585 549 3628 nos
564 3566 743 3630 vicissim¹⁰
765 3569 915 3633 accendit
901 3575 978 3633 tut
1000 3591 1112 3655 nuper,
1137 3569 1180 3633 ad
1201 3567 1272 3652 ejus
1294 3566 1398 3632 devo

344 3672 412 3730 tun
435 3666 636 3741 instantiam,
669 3670 868 3735 unanimiter
890 3672 1136 3736 concederemus
1159 3670 1273 3747 eidem,
1305 3670 1399 3755 quod

344 3768 413 3853 ejus
436 3771 576 3848 nomine,
597 3778 670 3858 post
693 3775 952 3839 nominationem
978 3774 1111 3838 celebris
1133 3773 1300 3837 memoriae
1328 3772 1399 3836 Do-

344 3871 426 3935 mini
460 3873 595 3939 Henrici
627 3877 791 3961 quondam
824 3876 924 3962 Regis
949 3876 1090 3963 Angliae,
1122 3874 1213 3959 cujus
1243 3873 1395 3939 existit¹¹

380 4189 387 4218 ¹
400 4190 518 4248 recitetur,
529 4191 559 4242 C.
925 4195 934 4221 ²
947 4190 1103 4251 Salvatorem,
1115 4191 1149 4241 A.

382 4269 391 4297 ²
402 4286 457 4329 uon,
469 4270 500 4320 Β.
512 4272 561 4320 and
573 4269 601 4321 C.
925 4271 1050 4330 “domitam
1063 4270 1168 4321 omitted
1178 4269 1204 4319 in
1216 4269 1246 4322 C.

383 4349 458 4405 'siut
471 4348 501 4400 B.
513 4351 563 4398 and
575 4349 603 4399 C.
926 4349 1093 4414 ”Lonpspeya
1105 4349 1133 4400 C.

384 4427 514 4477 *bulioen
526 4428 553 4475 in
565 4427 595 4477 B.
607 4427 656 4476 und
670 4427 699 4477 C.
925 4430 943 4458 ¹⁰
954 4430 979 4476 in
992 4437 1082 4477 tantum
1093 4428 1132 4478 for
1139 4428 1253 4490 vicissim,
1263 4428 1294 4479 B.

382 4507 392 4535 ²
408 4505 568 4570 lt'orreayke,
583 4506 613 4557 B.
626 4506 676 4557 und
687 4506 715 4556 C.
925 4509 941 4539 ¹¹
954 4509 1040 4567 extitit,
1051 4508 1082 4560 B.
1094 4509 1143 4558 and
1155 4507 1183 4558 C.

380 4589 391 4617 ⁸
398 4594 538 4655 prouentus,
547 4586 576 4636 B.
