3036 5468
349 693 414 759 110
511 704 855 759 arsarcsucrnmnn
879 705 1237 759 marcomanorum

120 896 182 1001 ἓξὲξ
184 894 335 991 *spineam
347 903 538 969 pannorum,
563 881 901 969 exemplariorumquo
923 883 1046 964 cistam
1069 889 1104 951 et
1134 883 1253 951 cistam
1278 883 1385 951 Praen-

119 1000 297 1101 ,iduma
347 989 493 1054 ratorum
516 984 769 1053 concernentes¹

121 1101 204 1146 charta

186 1276 217 1395 gs
229 1283 270 1395 ἐξ
390 1286 434 1354 Iu
465 1302 552 1353 rsr1s
582 1286 1280 1354 snsson1rr1scsvmannocuasrouns
1300 1300 1342 1351 m·

566 1406 719 1458 naaman
742 1407 890 1457 rsuram
912 1406 1169 1456 rancurmasn

117 1549 284 1647 fflffig‘
390 1553 514 1621 Contra
534 1574 602 1618 non
623 1553 811 1619 accedentes
833 1553 876 1617 ad
898 1551 1031 1618 scholas

119 1651 232 1707 'mm
391 1655 517 1723 Contra
537 1656 707 1723 trahentes
728 1656 765 1721 in
786 1655 904 1723 scholis
926 1655 963 1721 in
985 1653 1243 1741 quadragesima

390 1759 513 1824 Contra
535 1758 804 1824 determinatores
825 1758 935 1822 minus
958 1757 1016 1822 diu
1038 1760 1174 1823 stantes.

389 1861 514 1938 Contra
535 1861 664 1927 eosdem
688 1883 755 1925 non
782 1859 994 1945 “apiculae''
1021 1859 1236 1946 disputantes

389 1964 514 2031 Contra
536 1987 603 2031 non
628 1964 814 2030 accedentes
838 1963 880 2028 ad
903 1963 1152 2028 licentiationes.

388 2067 514 2134 Contra
536 2089 602 2133 non
626 2072 777 2155 parentes
804 2065 1043 2132 monitionibus
1067 2062 1269 2130 Cancellarii.

387 2169 511 2235 Contra
536 2169 812 2258 transgredientes
837 2169 1011 2257 privilegia
1033 2167 1088 2233 vel
1111 2171 1247 2233 statuta

386 2272 511 2339 Contra
536 2293 603 2337 non
630 2277 828 2359 opponentes
852 2270 1083 2358 inceptoribua

386 2374 511 2441 Contra
536 2396 604 2441 non
630 2374 792 2441 solventes
819 2373 996 2461 Magistris.
1161 2365 1165 2373 ’

385 2477 509 2544 Contra
534 2501 608 2568 non
628 2477 772 2567 logenton
799 2476 896 2543 modo
920 2499 979 2542 suo
1003 2480 1167 2542 consueto.

385 2585 509 2652 Contra
534 2589 746 2674 prorogantes
771 2584 826 2651 vel
851 2583 1072 2671 anticipantes
1099 2582 1289 2649 ordinarias

385 2687 509 2754 Contra
534 2711 601 2754 non
627 2689 775 2754 volentes
801 2686 954 2775 expedire
981 2686 1115 2772 negotia
1138 2683 1383 2752 Universitatis.

384 2790 510 2857 Contra
536 2814 603 2857 non
626 2790 795 2857 venientes
821 2788 1017 2876 tempestive
1039 2788 1084 2852 ad
1110 2787 1243 2854 scheba

385 2893 510 2959 Contra
536 2915 602 2958 non
626 2893 783 2958 habentes
803 2891 956 2956 habitum
979 2895 1014 2955 et
1033 2897 1204 2956 tonsuram
1227 2890 1385 2958 decentes

385 2993 511 3060 Contra
534 3016 601 3058 non
625 2994 784 3059 habentes
812 2993 946 3058 nomina
964 2992 1176 3060 Scholarium

385 3096 509 3160 Contra
532 3118 600 3158 non
624 3096 798 3159 recitantes
825 3094 976 3160 rotulum.

384 3198 507 3263 Contra
532 3219 598 3261 non
622 3202 773 3284 parentes
793 3196 914 3282 regulis
938 3196 1199 3263 Procuratorum.

384 3298 508 3365 Contra
534 3299 747 3385 impetrantes
773 3299 862 3386 pacis
887 3299 1098 3384 suspendium
1118 3322 1177 3385 per
1198 3301 1386 3367 triennium.

385 3401 510 3467 Contra
533 3405 698 3488 suspectos
725 3401 1002 3487 qualitercunque.

384 3504 508 3568 Contra
530 3503 700 3567 venientes
724 3525 798 3567 cum
822 3503 1047 3569 multitudine.

384 3605 509 3672 Contra
535 3611 720 3670 recusantes
744 3605 835 3670 adire
861 3627 1028 3672 carcerem.

384 3709 508 3775 Contra
531 3709 694 3773 solventes
720 3707 890 3795 mancipiis
915 3709 1002 3773 ultra
1026 3714 1162 3775 statuta.

383 3813 507 3877 Contra
533 3812 697 3877 solventes
724 3809 912 3876 scissoribus
936 3810 1025 3874 ultra
1049 3815 1184 3876 statuta.

382 3914 506 3981 Contra
532 3914 680 3979 custodes
703 3913 875 3979 ratiocinia
897 3934 964 3977 non
990 3913 1171 3979 reddentes.

383 4018 510 4082 Contra
533 4017 765 4082 Procuratores
789 4013 964 4081 ratiocinia
987 4037 1055 4079 non
1082 4016 1266 4086 reddentes.

382 4120 507 4183 Contra
526 4119 654 4204 judices
677 4117 977 4206 compulsionibus2
999 4141 1067 4183 non
1089 4125 1251 4205 parentes.

383 4219 506 4286 Contra
529 4222 703 4287 advocatos
723 4226 758 4286 ot
780 4226 1004 4308 procuratores
1030 4222 1232 4291 excedentes

441 4409 643 4415 ...—..—-...
657 4409 663 4414 .
714 4410 717 4415 .
742 4411 746 4415 .
763 4411 789 4415 -.-
807 4411 922 4417 ..---
942 4413 957 4417 ..
984 4414 991 4419 .
1029 4414 1173 4421 .—-.--—-

913 4524 1131 4590 ²consalrionitua,
1143 4529 1339 4595 consultionibus,
1351 4532 1378 4581 B.

372 4564 378 4591 ¹
390 4569 573 4614 correementem.
586 4560 641 4613 MS.
881 4605 931 4653 and
943 4605 971 4654 C-
