3090 5490
419 698 461 764 18
581 710 677 762 amru
698 708 927 763 circumenu
951 712 993 762 nr
1015 709 1303 767 nnocossronuu.

189 914 254 960 suem
268 914 384 961 mnan·
418 891 570 976 proteget
599 891 659 953 aut
687 885 843 954 defendat
871 888 935 953 nisi
965 908 1062 976 quem
1091 887 1209 954 suum¹
1241 890 1375 956 sciverit
1400 912 1470 956 esse

190 946 403 1071 ffidffllm
420 991 607 1060 scholarem
636 997 671 1058 et
696 991 775 1058 boni
798 991 981 1058 testimonii
1005 993 1124 1070 vinnm,
1157 992 1207 1059 ita
1233 993 1322 1081 quod
1349 994 1469 1060 saltem

189 1066 409 1229 wdone
419 1095 552 1162 unicam
575 1095 749 1161 lectionem
776 1094 939 1160 ordinarie
966 1094 1109 1163 audierit
1131 1095 1270 1183 singulis
1296 1096 1414 1163 diebus
1432 1098 1469 1163 i'n

315 1172 361 1217 oet.
419 1198 545 1266 Scholia
559 1200 635 1278 suis,
658 1204 719 1265 aut
734 1220 791 1285 per
813 1199 902 1265 viros
922 1198 1120 1287 fide-dignos
1139 1207 1174 1266 et
1185 1199 1318 1287 juratos
1332 1200 1470 1267 Scholas

416 1324 492 1369 suas
513 1303 623 1392 ipsum
646 1301 779 1370 sciverit
800 1301 1007 1391 frequentare
1029 1307 1064 1370 et
1085 1304 1224 1372 honeste
1245 1305 1439 1373 conversari

200 1614 389 1689 [mmm]
549 1576 604 1647 Da
626 1594 724 1647 nono
746 1592 999 1646 mammonam
1022 1592 1126 1645 unsre
1149 1593 1342 1647 nemorum

185 1757 408 1857 mansuer
462 1743 671 1811 Auctoritate
685 1742 811 1807 domini
826 1740 1020 1808 Cancellarii
1044 1747 1079 1808 et
1094 1742 1328 1830 Magistrorum
1355 1765 1470 1830 regen-

187 1862 391 1958 ffimfflmre
416 1846 511 1926 tium,
537 1869 611 1913 oum
634 1845 785 1911 unanimi
810 1866 968 1911 consensu
989 1843 1277 1934 Non-regentium,
1299 1845 1471 1912 &cretum

185 1964 372 2060 effliwm
417 1958 464 2018 cet
485 1957 515 2016 et
537 1955 712 2026 aarum,
728 1949 816 2037 quod
839 1947 968 2015 nullum
993 1946 1115 2014 festum
1138 1950 1284 2016 nationis
1308 1950 1468 2036 cujusque

185 2064 337 2165 imm
417 2076 492 2119 cum
512 2053 720 2119 solemnitate
744 2056 780 2116 et
801 2051 1033 2117 convocatione
1058 2058 1214 2117 consueta
1229 2052 1467 2139 Magistrorum

416 2161 451 2223 et
483 2154 687 2223 scholarium
724 2177 781 2220 seu
819 2154 957 2220 aliorum
996 2158 1149 2220 notorum
1186 2156 1223 2220 in
1260 2177 1468 2243 quacumque

414 2259 547 2325 ecclesia
572 2257 690 2324 amodo
713 2257 902 2334 celebretur,
925 2257 992 2322 nisi
1014 2261 1177 2343 qnatenus
1201 2256 1321 2343 aliquis
1343 2258 1469 2325 foetum

413 2363 550 2448 alicujus
565 2362 680 2428 Sancti
703 2383 770 2428 sune
792 2362 932 2448 propriae
959 2361 1106 2427 dioecesis
1131 2382 1205 2425 cum
1228 2361 1404 2428 devotione
1430 2363 1468 2427 in

412 2465 480 2531 suis
493 2464 655 2554 parochiis
670 2464 729 2531 ubi
745 2465 836 2551 degit
850 2464 994 2530 voluerit
1016 2464 1186 2541 celebrare,
1201 2463 1338 2529 alterius
1352 2469 1467 2531 tamen

411 2569 572 2659 parochiae
601 2568 655 2634 vel
681 2590 748 2634 suae
771 2566 957 2655 Magistros,
980 2566 1156 2645 Scholares,
1179 2588 1236 2633 seu
1266 2568 1348 2633 nlios
1369 2591 1468 2655 quos·

412 2693 550 2760 cumque
585 2676 681 2737 notos
714 2692 782 2737 non
815 2670 970 2748 vocando,
1001 2669 1086 2736 sicut
1122 2692 1183 2738 neo
1219 2670 1261 2736 fit
1297 2671 1335 2736 in
1373 2672 1469 2738 festis

413 2775 445 2843 S.
462 2776 641 2855 Katerinae‚
668 2774 700 2841 S.
724 2772 887 2851 Nicholei,
911 2779 946 2840 et
970 2772 1136 2838 similium.
1183 2772 1258 2840 Hoc
1282 2774 1384 2840 etiam
1407 2775 1468 2841 de-

183 2903 243 2956 nna
251 2898 388 2954 mooun
413 2886 540 2948 cretum
555 2879 753 2946 auctoritate
767 2876 913 2964 ejusdem
929 2875 1129 2957 Cancellarii,
1144 2877 1206 2942 sub
1220 2899 1318 2964 poena
1332 2876 1467 2963 majoris

182 2955 363 3050 {iidem
415 2980 772 3059 excommunicationis,
803 2980 1010 3067 praecipimus
1041 2980 1217 3057 observari,
1247 2985 1287 3046 ut
1317 3002 1360 3045 ne
1389 2983 1467 3066 quis

184 3052 378 3196 midi&
415 3086 546 3151 choreas
573 3106 647 3149 cum
671 3083 780 3162 larvis,
796 3104 854 3148 seu
880 3084 1021 3170 strepitu
1045 3084 1164 3168 aliquo,
1191 3084 1227 3150 in
1252 3083 1393 3150 ecclesiis
1409 3086 1466 3151 vel

183 3154 396 3297 idigiumzfform
414 3189 530 3277 plateis
569 3187 675 3264 ducat,
704 3187 758 3251 vel
796 3190 935 3252 certatus
977 3186 1030 3251 vol
1064 3190 1237 3252 coronatus
1267 3208 1385 3251 corona
1421 3210 1465 3252 cx

184 3256 363 3358 md
414 3292 501 3357 foliis
523 3291 675 3356 arborum
690 3289 743 3355 vel
770 3289 887 3354 florum
902 3290 956 3354 vel
982 3289 1114 3354 aliunde
1140 3290 1318 3376 composita
1342 3290 1465 3356 alicubi

184 3356 269 3407 mure
277 3367 303 3399 or
310 3355 368 3400 with

184 3405 402 3509 gfflgffivoe
414 3396 552 3473 incedat,
581 3395 642 3459 sub
672 3414 772 3480 poena
796 3392 1148 3470 excommunicationis,
1174 3415 1273 3479 quam
1309 3415 1353 3458 ex
1374 3416 1466 3461 nunc

183 3508 382 3605 ffihfflffl.
414 3500 555 3576 ferimus,
581 3503 615 3564 et
639 3498 904 3564 incarcerationis
929 3496 1057 3562 diutine
1079 3495 1298 3583 prohibemus.

250 3783 278 3834 A
291 3788 331 3834 ee.
614 3766 668 3831 Da
691 3781 788 3830 uono
810 3776 1028 3828 morannum
1052 3760 1275 3828 senorium?

250 3852 281 3901 B.
293 3853 333 3902 74.

250 3918 334 4035 8ῗῖ
456 3955 554 4032 Item,
577 3952 687 4019 nullus
711 3951 871 4039 Magister
893 3972 1094 4036 quemquam
1115 3949 1268 4015 clericum
1291 3949 1328 4012 in
1352 3969 1466 4014 neces-

182 4074 380 4119 rronmtennan
412 4056 566 4123 sitatibus
582 4057 649 4121 suis
669 4057 796 4121 ratione
819 4055 965 4140 obsequii
989 4052 1188 4140 magistralis
1211 4052 1385 4117 defendere
1408 4053 1465 4117 vel

182 4125 376 4270 {ffirffiiiii
413 4160 503 4225 aliud
536 4159 686 4225 debitum
716 4156 913 4242 impendere,
937 4155 1003 4221 nisi
1035 4157 1176 4221 eundem
1209 4162 1249 4221 ut
1272 4154 1463 4220 Scholarem

182 4278 393 4381 fgnmnfflglsleanoue
414 4284 508 4328 suum
533 4260 666 4327 Scholas
689 4282 763 4325 suas
786 4260 902 4325 saltem
924 4260 967 4325 ad
992 4259 1137 4345 aliquam
1160 4259 1334 4325 lectionem
1366 4259 1462 4323 audi-

181 4380 305 4423 attendant
313 4381 338 4422 nt

182 4431 288 4475 lecturee.
420 4464 652 4474 .-,.-.....-
974 4463 1183 4469 ..-.-..-

445 4593 532 4641 'ouum
541 4590 644 4642 omitted
656 4590 682 4640 in
693 4588 725 4641 B.
737 4590 787 4641 ond
798 4588 826 4641 C.
948 4590 1042 4655 secedat
1063 4590 1113 4639 nasi
1132 4590 1231 4641 columi
1254 4606 1307 4640 nim
1326 4587 1460 4640 scholarem

441 4675 451 4702 ²
462 4671 534 4733 Quod
543 4668 622 4722 nullus
632 4670 744 4736 mcqieler
754 4669 857 4734 aliquem
868 4669 906 4719 de·
955 4687 1031 4734 cuum,
1043 4671 1073 4721 B.
1086 4671 1135 4720 and
1148 4669 1176 4720 C.
