3036 5468
305 683 398 733 imur
421 681 648 733 curcmmau
671 683 714 733 ar
735 681 1024 737 raocumronura
1144 668 1187 739 75

126 860 170 925 in
187 859 308 925 bursa¹
333 881 393 924 sua
414 859 585 926 duodecim
605 859 764 937 denarios,
785 866 820 927 at
844 859 932 925 infra
957 859 1396 963 expendenteswt'igmmt

128 963 194 1028 sed
227 983 296 1027 non
330 962 428 1038 ultra,
451 967 486 1028 et
516 984 629 1028 omnes
662 962 762 1028 laicos
794 962 920 1049 pariter
952 967 1284 1048 computamusrenoee

129 1063 208 1131 Sub
230 1065 375 1130 secundo
388 1088 466 1130 vero
488 1065 593 1152 gradu
615 1087 729 1130 omnes
750 1065 976 1152 expendentes
996 1065 1088 1131 ultra
1108 1067 1189 1133 duo
1201 1068 1233 1121 (²)
1247 1069 1405 1115 mm

1199 1120 1286 1174 ΜΗ]

129 1167 241 1232 decim
264 1167 425 1243 denarios,
441 1168 525 1233 eitra
538 1190 702 1233 summam
721 1168 939 1234 ducentarum
954 1189 1137 1234 marcarum
1151 1171 1188 1235 in
1198 1182 1415 1274 mmmm

130 1270 323 1335 redditibus
344 1270 592 1357 possidentes32
613 1269 675 1336 sub
699 1271 800 1337 tertio
821 1277 934 1336 autem
955 1271 1061 1356 gradu
1077 1293 1190 1339 omnes
1200 1273 1398 1368 &mg

131 1372 296 1438 habentes
317 1373 354 1436 in
376 1373 562 1438 redditibus
578 1373 736 1439 ducentos
757 1377 922 1438 marcatus
944 1373 988 1438 ad
1010 1373 1119 1439 minus
1133 1375 1188 1440 vel
1199 1373 1366 1475 fflffnffl

133 1496 174 1540 eo
196 1475 339 1561 amplius
360 1476 574 1541 continemus,
621 1476 685 1539 His
707 1476 811 1562 igitur
833 1475 940 1540 tribus
961 1475 1120 1560 gradibus
1140 1476 1188 1542 sic
1202 1477 1233 1525 (ὅ)
1247 1474 1416 1571 ”aa

133 1577 301 1643 distinctis
323 1579 522 1643 auctoritate
543 1584 579 1643 et
600 1579 751 1643 unanimi
765 1599 923 1642 consensu
939 1577 1138 1664 Regentium
1153 1586 1189 1644 et
1199 1576 1365 1670 „mmm

135 1679 423 1767 Non-regentium,
446 1679 635 1745 cartulatos
657 1687 705 1757 ut,
727 1681 798 1745 sive
819 1702 841 1744 a
862 1681 1053 1766 gravamine
1074 1680 1146 1746 sive
1168 1703 1189 1746 a

136 1781 314 1847 diffinitiva
336 1783 379 1847 ab
402 1782 657 1847 hebdomadario
689 1783 732 1847 ad
754 1783 925 1847 dominum
948 1781 1188 1848 cancellarium

139 1884 326 1969 appelletur,
342 1884 511 1971 appellans
533 1906 627 1949 suam
650 1885 904 1971 appellationem
927 1883 1016 1949 infra
1038 1883 1187 1949 triduum

140 1988 289 2052 continue
312 2010 333 2052 a
353 1994 501 2074 tempore
528 1987 757 2074 appellationis
787 1988 1001 2074 interpositae,
1025 1992 1187 2072 quantum

143 2087 264 2175 inipso
286 2095 345 2167 est,
369 2112 478 2155 eoram
501 2090 634 2155 domino
650 2090 851 2155 Cancellario
870 2091 925 2156 vel
947 2091 1018 2176 ejus
1039 2091 1189 2156 commis·

147 2192 222 2256 sario
253 2195 406 2279 prosequi
439 2198 601 2269 teneatur,
632 2192 779 2277 alioquin
816 2215 877 2279 pro
915 2193 1187 2280 non-appellante

150 2288 303 2375 habeatur,
327 2296 420 2360 etin
443 2295 615 2360 duodecim
638 2295 781 2359 denariis
805 2295 987 2382 puniatur;
1009 2297 1076 2381 qui,
1099 2298 1128 2361 ai
1151 2297 1187 2361 in
1198 2299 1402 2404 3¹33ssng

155 2397 362 2480 appellationis
385 2419 489 2475 eausa,
514 2420 535 2461 a
556 2399 748 2485 gravamine
771 2397 824 2462 vel
847 2397 1027 2463 diffinitiva
1040 2398 1085 2463 ad
1100 2363 1329 2464 Cim-¹illstclffley

157 2493 300 2564 alanum
323 2500 504 2585 interjecta,
527 2501 763 2586 pronunciatur
795 2521 966 2585 perperam
997 2500 1187 2586 appellasse,

158 2595 329 2668 odoramen
345 2603 463 2689 prioris
480 2603 602 2688 judicis
618 2603 818 2679 remittatur,
835 2603 1004 2667 incurrens
1022 2602 1189 2687 jacturam

159 2696 304 2771 duodecim
327 2706 544 2781 denariorum,
568 2711 607 2770 ut
629 2709 680 2769 est
702 2705 811 2769 moria
856 2703 894 2768 Si
915 2725 995 2768 vero
1017 2726 1038 2769 a
1054 2703 1188 2770 Cancel-

159 2794 223 2868 lan'o
240 2809 281 2873 ad
296 2809 461 2895 Regentes
482 2809 525 2872 ob
548 2807 635 2872 idem
657 2828 833 2894 gravamen
856 2806 910 2872 vel
939 2806 1031 2871 aliud
1054 2807 1189 2872 duxerit

159 2909 375 2989 epulandum,
391 2934 437 2987 ac,
460 2932 558 2975 causa
572 2909 715 2996 cognita
739 2909 940 2985 remittatur,
956 2908 1036 2994 quia
1050 2908 1187 2975 flustra·

159 3005 225 3073 toria
251 3014 427 3100 appellans,
464 3019 501 3076 ut
541 3018 677 3098 apparet
711 3034 753 3076 ex
791 3018 923 3087 eventu,
957 3009 1186 3076 convincitur³

161 3102 255 3185 pluries
286 3117 434 3180 indebite
469 3116 632 3201 fatigasse,
668 3115 806 3177 (luorum
846 3114 1023 3178 solidorum
1056 3115 1188 3199 jactura

162 3202 236 3278 feriat
280 3245 289 3298 ;
311 3221 338 3282 si
356 3218 488 3303 quidem
513 3218 650 3281 ulterius
665 3218 706 3280 ad
719 3217 882 3303 Regcntes
898 3223 932 3280 et
947 3216 1189 3304 Non-regentes

163 3304 195 3369 Ob
212 3314 285 3384 idem
307 3343 486 3407 gravamen
509 3319 563 3384 vel
591 3320 683 3383 aliud
707 3319 850 3383 voluerit
873 3320 1047 3406 appellare,
1070 3325 1105 3384 et
1127 3321 1189 3384 ibi·

164 3405 219 3478 dem
236 3421 267 3485 in
288 3445 387 3487 causa
406 3423 621 3500 succubuerit,
646 3422 867 3508 qiradraginta
890 3422 1041 3486 denarios
1064 3423 1189 3488 solvere

163 3513 293 3602 trata,
316 3532 351 3590 et
373 3524 435 3589 hoc
457 3525 541 3603 ideo,
565 3526 644 3611 qnia
666 3525 771 3589 sciens
789 3524 847 3607 jus
877 3547 974 3588 suum
1000 3525 1129 3589 salvum
1152 3526 1188 3589 in

164 3614 305 3713 Pl'lsscipali
328 3628 430 3693 toties
452 3650 473 3692 a
495 3628 581 3692 fictis
607 3627 856 3714 gravaminibus
887 3628 931 3691 ad
962 3628 1189 3693 frustratorias

165 3725 367 3803 appellntiones
390 3730 589 3807 convolavit,
613 3752 650 3794 ac
673 3736 726 3794 tot
749 3735 783 3795 et
806 3729 898 3806 talos,
913 3736 953 3794 ut
976 3729 1189 3815 praesumitur

165 3821 526 3911 malitiose‚n0nnu11ies⁴
548 3833 713 3920 fatigavit.
760 3830 951 3897 Caeterum⁵
966 3831 995 3895 si
1014 3853 1035 3894 a
1055 3831 1188 3896 domino

166 3915 336 4001 Cusum
350 3937 394 4000 ad
413 3935 577 4021 Regentes
592 3941 626 3999 et
642 3934 680 3999 a⁰
700 3934 877 3998 diffinitiva
890 3933 1066 4019 contigerit
1080 3933 1189 4019 appel-

165 4015 219 4099 lssfl',
236 4054 267 4098 ac
287 4061 393 4102 coram
417 4039 538 4101 eisdem
572 4038 779 4102 succubuerit
813 4035 1003 4121 appellator,
1023 4034 1186 4120 jacturam

166 4129 312 4204 0llOdeeim
351 4141 560 4204 denariorum
592 4142 763 4226 patiatur;
801 4139 829 4202 si
867 4143 980 4204 autem
1017 4138 1106 4204 ultra
1143 4141 1187 4204 ad

176 4324 643 4355 ᾪ-ῲ-
663 4348 672 4352 -
682 4345 883 4352 —-———

194 4446 273 4513 aa.
284 4461 314 4510 1).
718 4455 859 4514 *maura
878 4458 908 4505 a.
920 4458 971 4506 anu
983 4456 1012 4506 c,

193 4526 367 4595 ‘'Pvuianaeihus,
385 4540 414 4587 B.
715 4549 724 4565 ⁴
738 4538 909 4600 (minutaque,
919 4537 951 4584 D.

195 4612 346 4680 'sarriana
363 4622 395 4668 D.
715 4626 724 4635 '
736 4615 769 4663 A.
782 4614 857 4663 omits
867 4630 892 4675 u,
904 4613 929 4660 l)
940 4628 968 4659 er.
