3036 5468
349 685 414 749 142
506 697 600 748 amm
623 692 855 748 dracontian
879 696 920 746 rr
943 690 1228 747 moonnlronmn

120 879 307 975 ΜΗ
350 870 418 957 ejus
433 871 703 951 observationem,
720 871 782 938 sub
803 894 903 960 poena
925 866 1107 938 amissionis
1128 870 1310 937 officiorum
1331 890 1405 937 sno·

121 980 338 1126 ggrffggggfflw
349 994 431 1051 rum,
455 973 613 1040 firmiter¹
638 973 774 1041 astricti.

133 1082 259 1126 heirollloe.

188 1246 273 1363 ἓξὲξ
348 1234 451 1316 Qnoo
473 1253 648 1302 rmnnrns
670 1251 854 1302 vasensms
877 1250 1038 1300 annom
1059 1251 1176 1301 conari
1190 1252 1230 1302 sn
1252 1250 1400 1303 noscam

149 1395 217 1448 nl).
232 1398 304 1446 ¹³³⁹·
391 1390 448 1455 Ad
463 1412 629 1456 excessum
644 1390 764 1456 loboris
785 1389 915 1455 inutilis
928 1388 1149 1467 refellendum,
1165 1392 1201 1454 et
1213 1386 1396 1455 tollendam

120 1485 390 1579 ffiffillggmdo
415 1499 531 1559 caetero
551 1492 741 1580 ignominiae
767 1492 976 1570 occasionem,
1007 1513 1080 1578 qnae
1106 1490 1219 1579 probis
1249 1491 1339 1571 viris,
1364 1493 1397 1556 ot

120 1585 320 1680 fflffinffll
348 1595 491 1662 maxime
513 1595 656 1673 curiosis,
671 1595 833 1682 vesperias
853 1592 890 1659 in
912 1595 1069 1660 facultate
1087 1594 1209 1659 ortium
1232 1594 1395 1661 celebren-

119 1686 313 1781 ”fflffiffis
348 1697 438 1764 tibus
460 1699 532 1763 visa
554 1704 605 1764 est
635 1696 734 1763 nimis
766 1718 851 1784 saepe
883 1695 1081 1784 contingere,
1112 1716 1151 1762 ac
1179 1701 1220 1762 ut
1249 1696 1323 1783 ipsa
1349 1694 1392 1760 fa·

118 1788 330 1891 {fflffllffil
349 1800 461 1878 cultas,
489 1800 574 1866 siout
600 1805 651 1866 est
675 1800 748 1866 sons
771 1804 806 1865 et
829 1799 918 1887 origo
944 1799 1078 1876 caeteris,
1102 1797 1153 1864 ita
1183 1798 1227 1864 sit
1258 1802 1294 1865 et
1318 1796 1392 1885 ipsis

118 1892 305 1991 lssffiffiff
348 1902 384 1966 in
408 1903 530 1968 honore
556 1902 739 1980 conformis,
758 1900 969 1968 ordinatura
983 1907 1029 1967 est
1053 1922 1111 1988 per
1135 1900 1392 1966 Universitatam

118 2002 157 2135 {gh
185 1988 321 2134 ffiml
349 2004 556 2091 Regentium,
580 2008 615 2070 et
633 2004 820 2070 eorumdem
844 2002 994 2068 unanimi
1018 2024 1176 2069 consensu
1198 2000 1392 2082 roboratrim,

118 2103 140 2135 W
157 2103 187 2135 en
211 2102 226 2133 0
258 2102 273 2133 n

120 2142 135 2163 ..
144 2140 271 2195 rm:
286 2142 311 2184 ω
349 2107 435 2193 qnod
455 2106 617 2193 Magistri,
632 2112 701 2171 tam
713 2108 862 2192 regentes
876 2128 976 2193 quam
994 2110 1235 2192 non-regentes,
1244 2110 1392 2172 tenentes

119 2191 327 2287 {mmm
349 2207 512 2295 vesperiaa
543 2208 579 2272 in
612 2208 781 2296 praemissa
802 2206 967 2288 facultate,
991 2208 1142 2286 habeant,
1173 2228 1285 2274 coram
1306 2228 1341 2274 se
1361 2211 1393 2273 et

118 2292 337 2387 llfflliffilssm
348 2332 457 2377 secum
479 2311 516 2376 in
539 2310 650 2377 eodem
673 2306 826 2377 scamno'
859 2309 1112 2390 considentibus,
1135 2329 1237 2375 unam
1269 2310 1392 2377 desoam

118 2394 186 2487 22¹3
210 2395 328 2488 millies,
348 2413 401 2479 vel
416 2412 498 2479 duas
513 2412 630 2491 deseos,
654 2413 690 2477 in
706 2435 771 2500 qua
793 2412 848 2479 vel
867 2412 987 2499 quibus
1009 2412 1110 2478 libros
1124 2433 1201 2478 snos
1215 2416 1394 2500 reponant3

118 2494 327 2607 &titillat
347 2516 375 2581 si
399 2514 566 2582 voluerint
584 2518 712 2582 stantes
732 2516 786 2581 vel
806 2516 957 2581 sedentes
977 2516 1156 2603 disputent,
1177 2520 1217 2580 ut
1239 2515 1394 2582 hactenns

117 2596 320 2691 aggregantur,
345 2618 461 2699 solent,
490 2618 591 2705 juxta
624 2616 859 2706 regulationem
898 2616 1159 2697 Procuratornm,
1195 2617 1393 2683 Bachilarioa

117 2698 212 2745 moon.
343 2726 466 2788 tamen'
480 2723 667 2810 incepturos
689 2720 822 2787 omnino
844 2722 881 2786 in
906 2720 1036 2808 scriptis
1058 2718 1298 2787 commendant

388 2826 475 2891 Aeta
503 2822 575 2890 est³
604 2824 673 2891 haeo
699 2821 864 2890 ordinatio
898 2822 934 2888 in
969 2822 1103 2889 ecclesia
1133 2821 1247 2889 Beatae
1283 2820 1393 2889 Mariae

345 2926 499 3013 Virginis,
515 2927 552 2990 in
581 2927 724 2991 crastino
755 2926 787 2992 S.
808 2924 919 3003 Marci,
942 2946 1029 2991 anno
1060 2924 1198 2991 Domini
1221 2924 1393 2992 millesimo

343 3029 569 3095 trecentesimo
595 3029 757 3094 tricesimo
781 3050 875 3095 nono.

187 3327 218 3399 Β.
230 3332 270 3378 41.
347 3313 444 3395 Qnos
478 3330 598 3378 ornnes
631 3330 814 3381 Tarannon
845 3316 1006 3382 Anmsrrn
1041 3333 1180 3394 rsonae,
1205 3332 1393 3394 anrrnooan

188 3397 216 3445 Ο·
233 3400 269 3445 ¹⁸·
436 3433 691 3482 nronnrrlrmna
723 3434 770 3482 An
803 3435 1040 3484 mommroon
1067 3437 1105 3484 rr
1129 3435 1248 3485 ranan
1271 3438 1394 3487 alcon·

435 3518 543 3584 rara!

152 3656 306 3708 All-1340·
393 3654 486 3731 Item,
523 3652 726 3720 ordinatam
759 3659 805 3720 ast
839 3654 927 3740 quod
962 3652 1071 3720 nullus
1105 3656 1293 3724 licentietur
1323 3663 1394 3745 post

121 3748 336 3852 figlgfflfiffiffl
349 3780 473 3822 annum
496 3764 687 3844 praesentem
712 3757 753 3822 ad
776 3757 997 3843 incipiendum
1020 3759 1054 3822 in
1083 3759 1218 3839 artibus,
1242 3760 1396 3826 videlicet

121 3849 337 3952 llfflltgm
350 3883 474 3925 annum
498 3866 697 3948 praesontem,
714 3860 898 3946 incipiendo
921 3858 1070 3925 larinum
1093 3859 1234 3927 infesto
1260 3862 1292 3928 S.
1317 3864 1395 3929 Dio

350 3964 446 4048 nysii,
470 3986 557 4029 anno
588 3963 760 4028 millesimo
791 3960 1020 4028 trecentesimo
1043 3962 1299 4052 quadragesimo,
1331 3962 1396 4032 nisi

122 4082 201 4129 toorc
349 4066 439 4151 prius
466 4068 558 4151 juret
588 4088 622 4131 se
645 4067 761 4153 legisse
784 4067 923 4131 cursorie
947 4067 1028 4130 duos
1051 4066 1151 4131 libros
1179 4068 1332 4155 logicales
1354 4071 1395 4136 ad

382 4371 389 4402 ¹
394 4370 501 4434 fimiter
511 4371 568 4433 siat,
579 4370 611 4420 B.
928 4382 1031 4433 ⁵'l'here
1047 4382 1071 4433 is
1085 4398 1118 4433 an
1134 4385 1396 4449 romanens,

381 4454 499 4512 ’soonam
509 4451 541 4501 B.
894 4463 939 4513 bnt
949 4462 993 4513 the
1003 4463 1109 4529 reading
1120 4464 1151 4514 of
1158 4463 1187 4518 (l.
1199 4467 1251 4516 und
1261 4466 1296 4520 D.
1307 4468 1330 4519 is
1341 4485 1396 4534 pre·

380 4533 390 4561 ⁸
401 4536 465 4592 sunt,
477 4529 508 4580 B.
892 4544 988 4594 med,

381 4614 390 4644 ⁴
401 4611 427 4660 ia
437 4609 519 4660 eodem
522 4608 654 4675 facultate,
664 4607 768 4660 omitted
778 4606 806 4658 in
816 4604 846 4660 (l.
