3090 5490
403 710 467 772 140
562 722 657 771 arsur
680 718 908 770 omomnmrr
931 721 973 769 ar
996 718 1286 770 ruoeuuarosuu.

400 896 523 961 nostris
559 916 765 961 reservamus
798 917 837 960 ea
874 894 1071 972 declarandi,
1111 893 1305 982 corrigendi,
1351 894 1452 958 inter-

170 1017 362 1080 speunivenay
399 997 559 1082 pretendi,
576 1019 633 1061 seu
655 996 860 1061 immutandi.
911 996 966 1061 Ad
991 997 1160 1083 praemissa
1181 995 1316 1061 autem¹
1342 996 1455 1060 omnia

172 1068 383 1163 ittti'ttttiitt
400 1104 434 1162 et
456 1098 587 1184 singula
609 1097 750 1163 fideliter
772 1105 806 1163 et
828 1099 898 1163 sine
920 1098 1035 1163 fraude
1062 1105 1220 1184 perpetuo
1242 1097 1398 1163 sarienda
1420 1104 1454 1162 et

173 1168 355 1281 timiditati
399 1200 636 1265 inviolabiliter
658 1200 885 1278 observanda,9
901 1199 978 1277 Nos,
998 1199 1217 1265 Cancellarius
1239 1206 1274 1265 et
1297 1200 1454 1286 Magistri

172 1270 382 1387 pomoraniam,
400 1301 556 1387 praedicti,
581 1301 763 1387 obligamus
796 1323 856 1365 nos
889 1309 924 1367 et
955 1323 1151 1367 suceessores
1183 1308 1319 1378 nostros,
1350 1310 1386 1366 et
1416 1324 1454 1366 ea

400 1403 510 1489 omnia
531 1403 635 1467 facem
659 1409 692 1467 et
715 1403 886 1467 observare
910 1404 1135 1489 promittimus
1157 1403 1246 1467 bona
1268 1403 1342 1468 fide.

443 1505 497 1584 Et,
521 1512 561 1569 ut
590 1504 736 1591 praefatae
758 1512 880 1570 nostrae
911 1506 1131 1570 eoncessiones
1162 1511 1197 1570 et
1229 1505 1453 1571 ordinationes

399 1608 498 1672 robur
525 1608 698 1672 obtineant
728 1613 893 1694 perpetuas
923 1607 1100 1685 firmitatis,
1133 1616 1310 1693 praesentes
1340 1608 1453 1673 literas

398 1715 525 1774 nostras
554 1714 716 1795 patentes,
731 1730 789 1794 per
811 1709 947 1773 modum
969 1710 1162 1785 indenturae,
1186 1731 1283 1795 super
1305 1709 1360 1774 his
1381 1710 1452 1774 fiori

304 1810 310 1819 ¹
398 1811 538 1891 fecimus,
563 1811 671 1897 sigillo
694 1811 930 1875 Universitatis
952 1818 1073 1877 nostrae
1097 1813 1270 1887 communi,
1287 1834 1358 1877 una
1379 1834 1451 1878 eum

398 1913 506 1999 sigillo
531 1913 628 1978 officii
652 1912 871 1978 Cancellarii³
894 1913 1040 1998 ejusdem
1068 1914 1273 2000 appensione,
1298 1915 1453 1991 munitas,

399 2022 432 2080 et
455 2038 553 2101 penes
580 2015 804 2101 supradictum
836 2021 972 2101 patrem,
1005 2037 1062 2080 seu
1087 2015 1278 2101 Capitulum
1309 2017 1452 2082 ecelesias

399 2118 609 2185 Oieestrensis
647 2117 831 2202 praefatum,
862 2123 1020 2203 perpetuo
1058 2117 1307 2198 conservandas,
1348 2119 1453 2184 altera

398 2227 490 2306 parte
512 2219 706 2296 indenturae,
731 2220 792 2284 sub
816 2220 922 2306 sigillo
945 2220 1026 2285 dieti
1042 2221 1155 2306 patria,
1178 2242 1276 2305 penes
1299 2243 1360 2287 nos
1382 2244 1453 2309 per-

396 2328 496 2408 petuo
519 2344 710 2386 remansura
722 2346 730 2401 3
755 2322 913 2386 volamus
935 2321 1039 2387 etiam
1061 2328 1091 2386 et
1113 2321 1344 2388 consentimus
1365 2325 1453 2410 quod

396 2448 454 2512 per
476 2425 762 2511 congregationem
786 2425 984 2510 Rogantium
1015 2429 1050 2489 et
1080 2423 1372 2510 Non-regentium,
1396 2450 1453 2514 per

398 2527 636 2594 Cancellarium
658 2534 691 2593 et
707 2527 945 2604 Procuratores,
962 2549 1061 2612 quam
1084 2527 1181 2592 citius
1204 2528 1352 2613 pote1int
1367 2551 1452 2594 eom·

397 2630 500 2709 mode,
517 2629 707 2705 sariendam,
727 2630 894 2716 praemissa
918 2629 1029 2692 omnia
1051 2635 1085 2693 et
1108 2629 1240 2715 singula
1253 2636 1454 2709 statuantur,

397 2738 431 2796 ot
454 2736 598 2796 extunc
621 2738 779 2817 tanquam
812 2737 941 2795 statuta
963 2730 1204 2795 inviolabiliter
1227 2731 1453 2811 observentur,

398 2841 433 2899 et
456 2834 491 2897 in
507 2834 658 2919 Registro
681 2838 794 2898 nostro
815 2855 887 2898 curu
911 2832 1048 2899 statutis
1070 2833 1144 2898 aliis
1171 2833 1360 2899 inserantur
1382 2860 1453 2924 per-

399 2941 500 3022 petuo
523 2937 689 3001 duratura.

446 3063 570 3125 Datum
588 3062 736 3138 Oxouiru,
755 3069 872 3146 quarto
898 3061 979 3125 Idus
1003 3061 1183 3137 Februarii,
1206 3083 1293 3126 auno
1317 3062 1454 3130 Domini

399 3164 571 3227 millesimo
595 3165 822 3228 trecentesimo
846 3163 1008 3228 tricesimo
1036 3168 1137 3227 sexto.

230 3495 332 3611 iprae.
403 3477 605 3542 Oanrsa'rro
629 3476 904 3542 U'mvaasrrims
928 3494 974 3540 ns
998 3478 1169 3539 Bausums
1198 3492 1454 3543 rursarouruus.

265 3566 323 3612 aa.

241 3629 321 3680 ⁰³⁴·
335 3724 348 3739 „
448 3654 721 3734 Meororuadema,
745 3655 833 3739 quod
857 3676 942 3718 anno
967 3654 1102 3718 Domini
1130 3654 1303 3718 millesimo
1331 3662 1456 3721 trecea-

174 3722 357 3862 OnAmlvssffl
402 3758 520 3821 tesimo
543 3757 707 3821 tricesimo
730 3758 877 3841 septimo,
893 3756 1083 3820 cedentibus
1108 3757 1350 3821 servientibus⁴
1373 3759 1457 3824 Uni-

173 3863 340 3963 Qfiffrssffidss
403 3860 569 3924 versitatis
586 3858 782 3922 Oxouiensis
806 3858 918 3922 officiis
941 3858 1007 3921 suis
1030 3859 1065 3921 in
1088 3859 1186 3943 plena
1204 3860 1455 3945 congregatione

174 3961 391 4063 pgffirplliffiffl.
404 3961 610 4047 Regentium,
627 3967 667 4024 ut
690 3966 739 4024 est
762 3961 868 4035 moris,
886 3982 943 4044 por
966 3961 1143 4024 servientes
1165 3960 1333 4024 inferiores
1357 3962 1454 4048 depo-

175 4065 390 4168 }ffiffffi'ss‘t000m·
403 4064 467 4127 sita
489 4062 576 4127 fuit⁵
599 4064 669 4128 hmo
692 4062 830 4147 querela,
855 4063 942 4146 quod
970 4084 1044 4125 oum
1069 4085 1111 4125 ex
1134 4063 1341 4127 ordinatione
1371 4066 1456 4130 vanti-

175 4166 377 4265 ggffifflho
403 4189 468 4250 qua
499 4166 679 4230 servientes
710 4165 889 4250 superiores
922 4164 1142 4228 servientibus
1178 4165 1388 4231 inferioribus
1418 4169 1453 4231 in

435 4465 440 4492 ¹
454 4471 531 4511 uatem
543 4461 647 4510 omitted
659 4461 684 4509 in
696 4461 726 4509 Β.
740 4462 787 4510 und
801 4461 829 4511 (Ἴ.
983 4463 990 4490 ⁴
1002 4462 1160 4512 seruientibus
1177 4463 1281 4514 omitted
1302 4465 1328 4513 in
1349 4467 1379 4515 Β.
1397 4467 1445 4515 and

433 4541 603 4598 '²obseruaadi,
616 4543 648 4590 Α,
950 4542 978 4591 C.

432 4624 442 4651 ³
456 4620 623 4682 Cancelluriw‚
635 4622 664 4671 B.
982 4621 1052 4684 ³ful't
1063 4621 1167 4671 omitted
1179 4622 1204 4670 in
1213 4623 1245 4672 Β.
