3090 5490
358 679 422 742 206
517 689 612 740 amar
635 686 871 738 cavernulam
894 687 937 737 nr
960 684 1252 737 raoouasroanrr.

268 975 274 989 '
382 958 544 1036 SEQUENS
566 974 751 1025 srlrurnu
773 973 935 1025 Lnotrun
958 972 1153 1024 anululosls
1175 954 1393 1022 nummu)

157 1163 228 1215 M)⁸
243 1166 315 1213 1350,
400 1132 494 1211 Item,
519 1138 686 1199 aeterua
708 1132 866 1218 estquod
892 1131 1002 1196 nullus
1028 1130 1086 1217 qui
1112 1129 1204 1216 prius
1227 1127 1265 1193 in
1287 1128 1414 1206 artibus

131 1245 305 1348 {affigi
356 1256 423 1299 non
452 1235 584 1313 rexerit,
611 1234 833 1321 cujuscunque
860 1233 985 1299 ordinis
1009 1233 1118 1308 fuerit,
1145 1233 1185 1297 de
1211 1237 1330 1298 eaetero
1353 1230 1413 1296 lee-

131 1346 324 1440 mttqpeqrn
356 1343 467 1402 turam
489 1336 567 1402 libri
593 1338 835 1403 sententiarum
865 1336 1001 1424 aggredi
1027 1339 1214 1422 praesumat,
1245 1354 1414 1420 quousque

130 1445 338 1541 ffirgfflffi·
356 1460 416 1526 per
452 1461 576 1505 annum
614 1440 781 1527 integrum
820 1438 1018 1526 opposuerit,
1053 1438 1116 1502 rite
1147 1443 1180 1503 et
1218 1436 1351 1524 publiea
1379 1436 1415 1501 in

131 1547 344 1647 mmmm
356 1541 638 1628 disputationibus
665 1540 839 1607 ordinariis
861 1541 1104 1628 Magistrorum,
1125 1538 1218 1605 nullo
1242 1538 1309 1604 alio
1332 1539 1414 1624 ejus·

132 1649 333 1751 ·ΩἭἭ
357 1644 431 1708 dam
451 1645 576 1709 ordinis
598 1645 733 1711 interim
756 1649 950 1732 opponente,
973 1648 1014 1708 ut
1036 1642 1101 1707 sibi
1115 1642 1213 1708 oedat
1227 1664 1287 1728 pro
1302 1641 1413 1722 forma

131 1710 270 1803 &lma
358 1747 587 1813 eonsuetudini
632 1754 744 1815 autem
775 1748 975 1834 approbatae,
1011 1746 1119 1831 quoad
1152 1744 1320 1833 religiosos
1342 1765 1414 1831 pos·

357 1848 563 1928 sessionatos,
594 1849 715 1937 super⁹
739 1871 897 1915 concursu
922 1849 1107 1935 opponendi
1133 1853 1169 1913 et
1185 1847 1319 1934 legendi
1341 1868 1413 1912 cum

359 1951 473 2036 seipsis
510 1957 570 2017 aut
607 1951 681 2016 aliis
719 1952 977 2037 quibuscunque,
1016 1972 1076 2016 nee
1113 1972 1212 2037 super
1257 1956 1413 2037 tempore,

360 2055 515 2139 praesenti
538 2058 665 2120 statuto
687 2054 880 2120 nullatenus
905 2052 1110 2120 intendimus
1135 2049 1315 2140 derogare.³

193 2399 280 2452 msa.
536 2375 591 2439 Ds
614 2391 751 2442 arrsnrs
773 2389 968 2452 scoursrrrs
990 2391 1057 2441 rao
1080 2372 1240 2440 oasrna‘

142 2570 336 2622 anuum-s?
406 2547 504 2629 Item,
520 2552 690 2633 statutum
713 2551 877 2637 estquod
900 2549 1049 2636 quilibet,
1074 2549 1132 2635 qui
1154 2548 1247 2636 prius
1271 2549 1310 2614 in
1334 2546 1415 2615 Uni.

136 2654 304 2749 fflffifl
361 2651 520 2717 versitate
542 2675 609 2718 non
633 2653 756 2718 rexerit
778 2652 815 2716 in
835 2652 948 2739 aliqua
969 2651 1135 2729 facultate,
1156 2650 1270 2717 literas
1293 2650 1415 2739 quales·

134 2755 298 2850 lsslffifffflm
360 2775 489 2840 cunque
505 2761 539 2820 et
554 2755 770 2841 quovismodo
792 2777 851 2840 pro
871 2753 980 2840 gratia
993 2753 1105 2838 aliqua
1119 2753 1162 2819 ab
1187 2752 1415 2821 Universitate

136 2855 228 2959 33011101
238 2856 324 2950 ‘33⁰
362 2856 561 2945 Regentium
585 2879 643 2922 seu
670 2858 868 2944 Regentium
893 2862 928 2922 et
952 2855 1231 2944 Non-regentium
1258 2856 1415 2935 habenda,

135 2963 350 3060 ammo?
361 2960 442 3046 quin
468 2960 578 3045 potius
603 2958 837 3045 extorquenda,
868 2981 929 3047 pro
954 2958 1065 3046 aliquo
1093 2960 1200 3046 gradu
1226 2958 1415 3027 scholastioo

136 3058 324 3158 ffiffigffly,
362 3059 541 3125 obtinendo
584 3062 619 3125 in
649 3061 771 3138 eudem,
802 3066 862 3126 aut
892 3083 988 3147 super
1024 3060 1267 3146 dispensatione
1297 3060 1415 3142 formae,

136 3157 335 3259 llsscffisslhffilmffl
362 3162 415 3226 vel
438 3185 498 3248 pro
513 3167 590 3227 actu
612 3162 722 3248 aliquo
744 3164 931 3251 pertinente
954 3164 997 3227 ad
1019 3163 1158 3249 gradum
1179 3163 1288 3242 talem,
1306 3170 1416 3229 eontra

136 3259 268 3360 {fflfifll
363 3268 490 3329 statuta
510 3269 544 3328 et
569 3266 819 3331 eonsuetudines
835 3264 1074 3330 Universitatis
1089 3265 1248 3330 haetenus
1270 3267 1415 3341 usitatas,

364 3367 405 3432 de
428 3372 545 3431 cateno
576 3368 776 3454 impetravit,
808 3374 842 3432 et
872 3368 919 3432 eis
945 3368 1036 3432 visus
1066 3365 1166 3431 fuerit
1197 3368 1417 3457 (quovismodo,

364 3492 402 3534 eo
439 3470 509 3554 ipso
540 3469 584 3534 ait
615 3470 769 3533 inhabilis
800 3472 842 3533 ad
874 3492 1002 3535 ornnem
1032 3470 1172 3556 gradum
1202 3470 1356 3535 habitum
1384 3474 1416 3534 et

364 3570 552 3635 habendum
583 3572 617 3634 in
650 3571 888 3652 Universitato,
920 3594 995 3636 cum
1030 3594 1096 3657 quo
1124 3572 1171 3636 sie
1209 3572 1417 3638 inhabilitate

363 3695 430 3737 non
454 3673 551 3737 liceat
574 3673 641 3736 ullo
664 3678 811 3759 tempore
834 3675 1027 3760 dispensare.

396 3865 520 3870 ——-·—·-·
558 3865 561 3869 ·
717 3865 743 3869 —-
781 3865 823 3869 --—
1059 3866 1088 3869 --
1226 3864 1409 3872 --———-

401 3988 488 4037 ¹Titlu
511 3996 554 4036 not
577 3987 603 4035 in
627 3986 656 4037 C.
677 4002 706 4035 or
727 3985 760 4034 D.
807 3985 871 4034 This
949 3988 1390 4051 211111111111111011προευηαινειω).

367 4075 458 4117 statute
467 4068 551 4116 would
567 4081 666 4129 appear,
678 4067 743 4114 from
755 4065 788 4114 its
804 4066 870 4127 posi·
949 4067 957 4094 ³
969 4064 1096 4129 abrupere,
1107 4067 1137 4116 B.

367 4148 420 4195 tion
438 4147 465 4194 in
477 4147 519 4206 Ι).,
531 4154 556 4195 to
567 4147 598 4194 be
610 4146 640 4193 of
653 4146 695 4194 the
712 4159 774 4209 year
788 4149 849 4194 1357
863 4164 869 4202 3
949 4144 1053 4195 *These
1071 4152 1121 4194 tvo
1133 4152 1236 4195 statutus
1254 4162 1330 4196 occur
1341 4146 1367 4195 iu
1385 4145 1417 4193 D.

367 4227 437 4274 buta
454 4233 512 4274 notu
535 4240 568 4272 on
587 4225 629 4273 thu
647 4223 754 4287 margin.
774 4223 804 4270 of
828 4224 871 4271 the
916 4224 1088 4287 immediately
1111 4225 1176 4274 atter
1198 4225 1242 4274 the
1266 4226 1418 4290 prosodiam

367 4320 435 4353 sanie
457 4320 504 4367 age
531 4319 558 4352 as
581 4303 623 4351 the
648 4303 712 4363 MS„
736 4304 870 4352 observes:
916 4303 1036 4366 1111111111)-
1049 4305 1295 4367 oecnrthereonly;
1313 4304 1419 4353 blusters

365 4389 381 4411 “
389 4382 464 4431 Iatrrd
472 4383 647 4445 araturumsuit
655 4379 803 4430 declaratum
816 4389 872 4429 tem·
916 4382 1064 4431 Toulvorth
1073 4384 1124 4431 and
1131 4384 1219 4447 Derby
1229 4399 1296 4433 were
1303 4384 1419 4433 Praetura

366 4466 446 4528 “pore
458 4459 871 4523 Taua-oraerneroyproutcon·
916 4461 942 4509 in
956 4462 999 4511 the
1010 4476 1072 4526 year
1086 4468 1168 4521 1358;
1186 4478 1215 4512 so
1232 4463 1287 4514 that
1304 4464 1347 4513 the
1366 4471 1419 4513 true

364 4543 479 4590 “linatur
495 4541 576 4588 iaistu
591 4537 704 4588 rinrraula
717 4544 723 4567 ‘
736 4539 872 4589 0011111111-
915 4542 973 4589 date
1006 4541 1028 4589 is
1059 4542 1181 4606 probably
1206 4542 1282 4607 given
1317 4543 1345 4592 in
1378 4543 1418 4591 the

364 4625 379 4648 “
388 4619 456 4681 dini,’
469 4623 517 4671 &a
530 4620 553 4681 ;''
572 4620 611 4670 i.e.
626 4625 697 4669 1358.
915 4619 1023 4684 margin.
