3090 5490
389 642 432 706 42
536 654 632 705 arear
654 651 885 705 caucmnaen
909 653 952 704 nr
973 650 1266 706 raocuasronuss

387 854 409 897 a
430 834 577 917 tempore
599 850 665 916 quo
687 850 755 894 non
779 833 872 896 extat
903 830 1060 896 memoria
1083 829 1295 898 Universitas
1316 852 1443 899 memo-

387 939 461 1100 ἕῳ
482 933 527 999 sit
549 933 584 999 in
607 933 704 1020 plena
725 931 927 1018 possessione
948 933 1003 1000 vel
1035 934 1129 1020 quasi
1155 933 1231 1019 jure
1257 939 1439 1002 masuetu-

423 1056 483 1102 ms.

158 1271 312 1371 galima,
352 1328 367 1360 a
435 1253 540 1335 Quod,
563 1253 591 1318 si
613 1252 733 1339 aliquis
763 1251 928 1317 Scholaris
954 1253 1170 1339 quaestionem
1191 1251 1338 1339 aliquam
1360 1275 1439 1320 con·

158 1329 442 1426 animabdnbirtra
475 1357 618 1444 aliquem
654 1356 878 1422 adversarium
916 1378 1012 1422 suum
1049 1357 1195 1436 haberet,
1227 1361 1262 1421 et
1307 1357 1438 1424 dictum

158 1426 364 1522 difficule?
387 1461 611 1526 adversarium
633 1458 720 1524 infra
741 1459 911 1525 libertates
933 1459 1112 1526 antedicta
1128 1458 1371 1526 Universitatis
1385 1461 1438 1526 in·

387 1564 498 1630 venire
521 1563 736 1650 contingeret,
751 1563 881 1627 licitum
903 1562 948 1628 sit
969 1563 1079 1650 ipsam
1100 1581 1210 1628 coram
1231 1562 1436 1630 cancellario

385 1667 482 1732 citari
504 1663 699 1754 procurare,¹
724 1671 759 1729 et
792 1685 921 1730 necesse
954 1664 1095 1731 babuit⁹
1117 1666 1154 1729 in
1176 1665 1265 1731 dicta
1288 1664 1437 1733 Univer-

384 1770 484 1835 sitate
507 1769 702 1856 respondere
724 1773 758 1833 et
776 1768 846 1853 juri
868 1772 964 1832 stare.

661 2085 711 2149 Dc
729 2082 931 2170 probatione
953 2083 1151 2154 tcstaaccate'.

156 2278 373 2375 ammos
430 2266 527 2345 item,
564 2265 653 2351 quod
695 2264 929 2352 probationes³
973 2269 1248 2331 testamentorum
1286 2268 1436 2333 omnium

154 2331 375 2483 lfflfflfflilss
386 2369 591 2437 Scholarium
607 2367 800 2433 indistincte
821 2368 910 2432 infra
931 2369 1054 2433 dictam
1071 2367 1330 2435 Universitatem
1345 2370 1443 2439 deee-

155 2482 343 2578 ddinnssuldrldia
386 2473 536 2539 dentium
553 2471 773 2539 Cancellarius
794 2471 842 2558 [et
866 2469 1128 2558 Procuratores]⁴
1143 2472 1201 2556 qui
1215 2495 1274 2559 pro
1289 2478 1439 2562 tempore

155 2587 267 2632 naara
385 2577 519 2655 fuerint,
535 2576 606 2641 sine
622 2575 760 2661 alicujus
776 2574 1035 2640 contradictione
1051 2573 1203 2661 recipere,
1219 2597 1258 2641 ac
1279 2577 1441 2643 ordinarii

384 2677 570 2746 dictorum⁶
594 2677 808 2756 Scholarium,
831 2677 900 2742 sive
923 2682 1033 2741 essent
1055 2676 1243 2743 beneficiati
1265 2678 1335 2745 sive
1357 2702 1437 2762 non,

383 2783 482 2850 dictae
503 2781 691 2868 probationi
725 2780 825 2846 fidem
859 2778 1040 2866 plenariam
1072 2779 1237 2861 adhibere,
1261 2779 1304 2848 de
1332 2783 1436 2869 plano

382 2889 630 2951 consueverunt.

152 3017 201 3062 era
213 3013 361 3065 manaae
426 2987 524 3065 Item,
545 2986 633 3071 quod
657 2985 887 3070 inquisitiones
912 2982 1077 3050 faciendas
1100 3007 1158 3072 per
1181 2985 1358 3073 Magistros
1382 3012 1433 3057 re.

151 3068 250 3112 uuam
258 3065 316 3108 have
708 3089 714 3101 .
887 3087 895 3102 .
1261 3090 1268 3103 ,
1377 3092 1384 3106 ,
1424 3095 1432 3108 ,

151 3112 340 3228 affigentes
382 3096 497 3177 gentos
526 3090 567 3154 de
595 3088 780 3152 excessrbus
807 3087 1042 3175 Maglstrorum
1065 3094 1100 3153 et
1124 3087 1328 3155 Scholarmm
1351 3091 1435 3158 drctr

152 3171 187 3220 rig
264 3163 348 3207 udiclal
463 3194 470 3206 .
524 3192 531 3207 .
1030 3191 1037 3205 .
1090 3191 1097 3204 .
1134 3192 1140 3206 .

151 3219 346 3271 inquimnaex·
383 3195 534 3279 Magistrr
575 3189 701 3256 facere⁰
743 3195 983 3255 consueverunt
1028 3190 1227 3272 mdrstmcte,
1267 3198 1337 3257 tam
1375 3219 1436 3281 per

151 3263 364 3314 cessoscommittctl
996 3293 1002 3306 .
1240 3295 1246 3308 .

151 3314 356 3373 aysehoiamu
382 3295 548 3361 Scholares
563 3315 662 3378 quam
686 3298 824 3358 rectores
846 3296 881 3357 et
896 3291 1094 3378 presb1teros
1115 3294 1317 3379 parochiales
1331 3319 1432 3381 quam

150 3365 369 3466 pnnshpricstsand
417 3398 424 3411 .
603 3396 609 3409 .
744 3396 750 3409 .
830 3395 837 3408 .
897 3395 903 3407 .
1041 3396 1048 3409 .
1384 3400 1390 3413 ,

160 3420 272 3474 symae
381 3404 481 3463 etiam
497 3418 555 3483 per
569 3396 667 3460 larcos
683 3395 922 3459 Umversrtatrs
938 3395 1124 3475 antedicta,
1141 3418 1198 3482 per
1212 3396 1301 3482 quod
1315 3400 1434 3466 mehus

151 3472 264 3516 members
272 3468 345 3512 ottho
419 3500 426 3514 .
512 3499 518 3511 .
633 3498 668 3510 ..

150 3521 288 3573 Universae
380 3523 429 3565 rer
451 3504 574 3563 ventas
597 3519 672 3562 scrrr
694 3495 825 3583 potest⁷
849 3496 890 3561 de
912 3496 1011 3584 plano
1033 3497 1138 3562 facere
1161 3507 1408 3567 consueverunt.

150 3625 197 3668 aa.
210 3623 344 3667 sonata
425 3600 522 3679 Item,
546 3599 635 3686 quod
658 3599 767 3663 nullus
791 3599 1026 3685 Magistrorum
1048 3622 1107 3665 scu
1122 3600 1325 3666 Scholarium
1346 3603 1434 3669 Uni-

150 3675 337 3769 illillffll'l'ial
381 3704 548 3770 versitatis
577 3702 754 3767 antedictae
789 3701 916 3766 invitus
951 3702 993 3765 ad
1026 3702 1191 3788 judicium
1222 3711 1320 3770 extra
1343 3705 1431 3771 Uni-

149 3776 368 3877 lssll‘rl'emlillbll
381 3809 572 3874 versitatem
609 3804 810 3869 antedictam
849 3803 936 3867 trabi
968 3806 1081 3890 potuit
1118 3809 1178 3869 aut
1215 3805 1340 3883 debuit,
1372 3833 1432 3898 pro

149 3877 304 3972 menan
380 3909 600 3976 contractibus
641 3906 737 3971 initis
774 3905 860 3971 infra
898 3906 1024 3972 dictum
1068 3907 1331 3975 Universitatcm
1377 3914 1432 3979 vel

408 4276 415 4305 ¹
424 4273 565 4340 procurari,
582 4272 616 4321 Λ.
959 4276 968 4302 ⁵
979 4273 1006 4322 A
1017 4274 1071 4323 blot
1083 4274 1110 4322 in
1124 4273 1175 4333 A.;
1191 4275 1321 4337 doctorum,
1339 4278 1370 4327 B.
1380 4281 1432 4329 and

406 4352 545 4406 wabarie
563 4351 594 4400 B.
926 4356 954 4408 C.

407 4437 416 4465 ³
423 4431 545 4499 probatio,
562 4430 593 4478 B.
606 4429 656 4478 and
667 4427 696 4479 G.
957 4436 1037 4485 ⁰B10t
1048 4436 1074 4486 in
1085 4437 1120 4487 A.

407 4512 472 4562 *An
490 4525 591 4561 erasure
609 4510 635 4558 in
647 4507 682 4558 A.
703 4509 753 4557 and
773 4507 873 4559 written
959 4518 967 4542 ⁷
976 4517 1074 4579 polerit,
1092 4517 1122 4565 B.

373 4609 441 4645 OVCl'.
894 4637 901 4666 ι
