3036 5468
394 704 458 767 226
556 718 649 765 urum
672 713 895 764 cinomanna
920 716 963 763 ar
985 715 1280 765 procurarentur.

392 902 427 961 et
463 895 569 959 adhuc
622 894 834 980 pertinaciter
873 898 1094 979 perseverant,
1132 893 1240 957 claves
1295 892 1455 959 Μαάθ

167 1009 377 1114 {thgrggfflm
392 998 544 1082 nequiter
577 996 841 1075 contemnend03
879 1016 955 1059 cum
977 994 1086 1079 igitur.
1104 1001 1219 1061 sancto
1243 995 1361 1061 Mater
1383 1016 1452 1063 non

194 1112 370 1173 eracemum
393 1100 515 1164 habeat
538 1098 618 1184 quid
640 1097 778 1163 ulterius
802 1097 900 1161 faciat
923 1097 959 1160 in
985 1097 1047 1162 hac
1078 1103 1182 1183 purte,
1205 1103 1326 1165 vestrm
1350 1099 1453 1187 regite

168 1166 258 1215 agerint
267 1162 331 1203 them
342 1161 382 1203 the

169 1212 355 1307 mrem„
393 1200 579 1267 eelsitudini
601 1199 772 1264 humiliter
794 1199 1025 1286 supplicamus,
1042 1204 1215 1285 quatenus,
1230 1200 1275 1265 ad
1299 1201 1451 1287 ipsorum

169 1312 349 1406 {mmm
394 1302 751 1369 excommunicatorum
768 1301 963 1366 rebelliones
977 1302 1142 1367 salubrius
1159 1303 1401 1389 reprimendas,
1417 1306 1454 1369 in

169 1413 269 1459 cauma
393 1428 448 1472 eos
481 1427 631 1471 exercere
653 1404 834 1491 dignemini
856 1404 1019 1468 auxilium
1043 1404 1168 1469 brachii
1198 1405 1454 1485 saeculariam

393 1531 475 1595 quos
509 1508 573 1573 Dei
610 1508 710 1572 timor
741 1512 857 1593 sponte
895 1528 916 1570 a
945 1507 1032 1571 malo
1070 1529 1138 1572 non
1175 1512 1320 1587 revocat,
1362 1508 1454 1595 ipsos

394 1612 511 1677 saltem
533 1614 680 1676 coereeat
695 1609 854 1674 severitas
878 1609 1038 1675 custodite
1061 1607 1242 1675 carceralis.

441 1713 680 1779 Excellentiam
703 1716 847 1777 vestram
879 1712 1101 1788 reverendam,
1135 1712 1178 1775 ad
1199 1710 1362 1777 honorem
1389 1711 1453 1777 Ec-

396 1816 501 1883 clesiae
523 1820 646 1881 sunctrc
677 1836 744 1879 eme
766 1836 803 1877 ac
825 1813 971 1900 regimen
995 1820 1029 1880 et
1062 1814 1241 1891 munimen,
1277 1822 1456 1881 conservet

396 1918 587 1985 Altissimus
610 1939 668 2004 per
689 1924 839 2001 tempora
860 1916 1000 1982 feliciter
1022 1918 1190 1982 duratura.

441 2021 609 2106 Scriptum
630 2018 787 2084 vicesimo
811 2018 864 2084 die
889 2019 979 2099 Maii,
1001 2042 1087 2085 anno
1110 2017 1245 2085 Domini
1273 2018 1456 2087 millesimo

396 2122 625 2189 trecentesimo
648 2121 852 2207 sexagesimo
874 2126 1001 2207 quarte.

237 2482 341 2602 3⁴¹2ss-
599 2490 786 2555 Smrururr
809 2508 856 2555 nr
878 2507 1040 2557 colurum
1062 2491 1242 2557 Lmnanm

200 2616 271 2748 Ml}
284 2620 356 2747 ἔξω
441 2649 638 2721 Slctat=aae¹
678 2651 714 2715 in
752 2650 850 2737 plena
887 2650 1137 2739 congregatione
1176 2651 1385 2739 Regentium
1420 2660 1457 2722 et

170 2774 358 2879 &mateficis
398 2754 676 2841 Non-regentium
700 2759 779 2831 erat,
796 2753 833 2817 in
855 2754 909 2819 die
931 2753 955 2819 J
957 2755 1027 2818 ovis
1050 2753 1201 2841 proxima
1223 2760 1304 2819 ante
1326 2755 1457 2823 festum

170 2876 354 2981 &5333ss
396 2858 612 2938 Pentecosten
635 2877 722 2921 anno
755 2855 890 2921 Domini
922 2856 1095 2923 millesimo
1119 2857 1354 2924 trecentesimo
1381 2883 1458 2927 sex-

171 2976 372 3081 rflgmmffipcgu
396 2961 540 3047 agesimo
570 2959 718 3045 septimo,
742 2963 823 3024 tunc
858 2960 1019 3026 existente
1048 2959 1250 3027 Cancellario
1286 2960 1457 3049 Magistro

170 3078 372 3172 gcffigffi
397 3063 525 3126 Adamo
541 3058 786 3141 Thoneworth,2
797 3066 832 3125 et
850 3062 1119 3128 Procuratoribus
1136 3062 1305 3148 Magistris
1316 3065 1456 3133 Adamo

171 3180 288 3271 migrem
290 3179 364 3273 3133
397 3163 572 3228 Plurutone
595 3171 629 3229 et
652 3164 796 3229 Roberto
813 3164 852 3228 de
876 3165 1058 3251 Aylishuru‚
1083 3166 1130 3251 (in
1154 3188 1220 3250 qua
1245 3165 1351 3230 etiam
1375 3191 1456 3234 con-

170 3278 371 3374 ffiffigrggtam
395 3265 586 3351 gregatione
618 3267 827 3332 Universitas
862 3269 1020 3333 concessit
1052 3269 1201 3354 gretiam,
1235 3269 1326 3352 quod
1359 3293 1455 3337 reve·

170 3378 359 3475 ghffigfrlqlffi
396 3369 516 3433 rcudus
558 3369 672 3435 doctor
713 3375 747 3435 et
785 3370 937 3435 dominus
976 3372 1134 3459 Magister
1173 3370 1373 3437 Wilhelmus
1412 3375 1456 3439 de

170 3480 384 3577 {iffissffilfflssgt
397 3469 596 3558 Courtcuay,
634 3472 723 3537 filius
769 3472 905 3538 Comitis
945 3473 1120 3560 regioque³
1165 3474 1324 3559 sanguine
1366 3497 1454 3561 prae-

169 3582 358 3635 chestorbooka
395 3572 532 3660 fulgens,
570 3575 613 3639 ad
646 3574 788 3639 officium
813 3574 1008 3641 Cancellarii
1031 3580 1211 3651 vocaretur,
1242 3575 1299 3660 qui
1333 3578 1454 3643 eodem

395 3676 449 3739 die
478 3682 553 3762 post
575 3678 698 3742 dictam
731 3678 1019 3765 congregationem
1051 3679 1086 3741 iu
1120 3676 1363 3743 Cancellarium
1397 3686 1453 3745 est

394 3781 551 3865 vocatus)
576 3781 664 3865 quod
696 3779 884 3845 statutum⁴
915 3781 1102 3866 antiquitus
1134 3780 1260 3844 editmn
1293 3780 1331 3843 iu
1363 3803 1456 3849 nova

394 3882 476 3947 cista
499 3882 666 3964 librorum,
684 3883 782 3948 modo
805 3889 839 3948 et
861 3883 966 3949 forma
989 3906 1054 3970 quo
1076 3884 1252 3948 inventum
1270 3884 1330 3960 est,
1361 3882 1454 3949 Curr-

394 3984 544 4050 cellarius
581 3991 615 4051 ct
652 3986 881 4052 Procuratores
919 3987 955 4051 in
994 3985 1086 4051 libris
1115 3985 1184 4050 suis
1221 3985 1380 4064 inserant,
1420 3996 1457 4053 et

393 4084 524 4150 fidelem
547 4086 693 4171 ejusdem
724 4090 950 4155 executionem
983 4112 1062 4177 erga
1093 4088 1244 4154 custodes
1283 4092 1317 4151 et
1353 4111 1457 4173 quos-

393 4207 520 4272 cunque
552 4189 633 4253 alios
659 4192 699 4255 dc
732 4196 849 4257 cetero
882 4192 1007 4257 saciant
1041 4215 1078 4256 ac
1115 4191 1220 4255 facere
1259 4195 1455 4263 teneantur.

393 4290 481 4372 quod
508 4290 640 4373 quidem
662 4297 835 4371 statutum,
861 4296 922 4359 sub
957 4301 1072 4360 tenore
1102 4294 1160 4379 qui
1183 4292 1341 4378 sequitur,
1369 4314 1455 4358 corr·

428 4594 434 4621 ¹
450 4592 572 4642 Surculum
584 4603 628 4655 cst,
640 4596 668 4646 C.
976 4602 1062 4665 ⁸regio
1072 4600 1243 4666 sanguineque.
1255 4598 1312 4649 MS.

429 4674 439 4702 ²
452 4671 612 4735 Toraeurorlla
624 4675 653 4727 C.
978 4680 986 4709 ⁴
998 4687 1095 4735 statura,
1106 4679 1140 4728 A.
