3036 5468
283 680 377 729 aram
400 680 626 730 caucanaamr
650 683 692 731 nr
715 682 1000 734 raocunaroauu.
1099 671 1163 735 ‘229

117 857 324 935 oxoniensis,
347 855 586 922 Lincolniensis
609 859 765 936 dioecesis,
788 858 931 924 salutern
953 865 988 925 ct
1010 859 1164 946 apastoli-

115 981 188 1023 cam
211 958 481 1024 benedictionem.

162 1127 385 1193 indesinentis
423 1150 519 1206 curan,
557 1126 671 1194 velut¹
713 1131 818 1195 totius
854 1131 1022 1196 Dorninici
1055 1132 1361 1237 gregisgffifflln·

115 1237 235 1318 pastor,
258 1231 498 1298 sollicitudine²
519 1232 706 1318 premimur,
728 1239 762 1298 et
793 1232 933 1299 assidam
956 1234 1163 1320 cogitationis
1174 1244 1353 1345 moggo

115 1335 298 1400 excitamur
320 1333 490 1411 instantia,
515 1331 577 1399 ut³
603 1334 715 1400 studia
736 1335 909 1400 literarum
935 1342 970 1402 et
991 1337 1163 1403 studentes
1174 1344 1340 1439 inurggglgw

115 1436 235 1501 ibidem
261 1458 414 1523 prospere
436 1441 471 1502 et
486 1436 663 1502 salubriter
686 1436 871 1523 dirigantur
893 1460 932 1503 ac
954 1462 975 1503 a
999 1406 1344 1549 gravamiffiffil}

114 1539 213 1604 nibus
228 1538 425 1616 releventur,
449 1544 484 1604 et
500 1538 542 1603 ad
565 1539 609 1617 id,
625 1545 787 1624 quantum
802 1562 877 1605 curn
897 1540 967 1605 Deo
982 1562 1162 1627 possumus,
1173 1546 1375 1649 fflffiffl

114 1647 224 1729 partes
238 1646 360 1707 nostroe
375 1641 608 1707 sollicitudinis
622 1641 825 1708 adhibemus.
871 1643 977 1709 Cum⁴
999 1665 1103 1729 nuper
1118 1645 1160 1709 ad
1173 1646 1375 1741 ffiffiffiffg'?

115 1748 266 1809 nostrum
299 1743 454 1830 pervenit
484 1744 639 1809 auditum
663 1745 752 1831 quod
773 1746 953 1810 secundum
977 1750 1105 1811 statuta
1127 1753 1163 1813 et
1173 1746 1390 1841 blfffl‘rgffiffl

113 1847 367 1912 consuetudines
404 1847 511 1912 nostri
541 1846 645 1912 studii
683 1846 892 1926 Oxoniensis
926 1846 1386 1949 Lincolniembfflfflp,

112 1949 269 2026 dioecesis,
294 1948 515 2014 cancellarius
538 1948 777 2014 Universitatis
799 1948 945 2035 ejusdem
968 1950 1080 2029 studii,
1104 1948 1375 2051 quidfoffilffiffi

113 2052 217 2139 ipsius
233 2050 471 2116 Universitotis
487 2057 586 2138 caput
610 2056 644 2117 et
666 2057 774 2117 rector
788 2052 857 2117 fore
872 2051 1085 2138 dignoscitur,
1102 2075 1161 2139 per
1172 2011 1387 2143 ffiffg‘gfflffi

114 2155 272 2219 Doctores
294 2158 328 2218 et
352 2153 529 2240 Magistros
559 2153 596 2217 in
619 2154 732 2218 eadem
756 2153 986 2220 Universitate
1011 2162 1161 2242 regentes
1173 2150 1366 2253 lffifflffiff

114 2256 265 2343 quolibet
288 2256 422 2321 biennio
453 2256 530 2342 eligi
553 2261 589 2320 et
620 2256 742 2320 assumi
774 2256 881 2333 debet,
905 2256 1058 2342 quodque
1082 2258 1160 2343 Epi·
1172 2250 1378 2345 {giffffiffl’

112 2380 228 2444 scopus
251 2358 487 2423 Lincolniensis
510 2379 568 2445 pro
605 2364 753 2444 tempore
790 2359 935 2423 existens
971 2358 1160 2443 hujusmodi
1172 2350 1377 2453 ffffiffiffihgfflhssss,

111 2460 280 2527 electionis
302 2457 606 2525 eonfinnationems’
621 2482 664 2524 ex
686 2459 829 2545 quadam
845 2461 1081 2526 cousuetudine
1096 2461 1160 2526 sibi
1172 2452 1353 2546 ssffiffi‘lffim

111 2563 234 2628 nititur
248 2562 425 2643 vindicare,
449 2564 602 2648 quodque
625 2562 784 2627 Doctores
807 2567 842 2626 et
866 2562 1028 2648 Magistri,
1044 2563 1101 2648 qui
1117 2552 1376 2655 adliffi'ffi'}

109 2667 219 2752 ipsum
254 2664 452 2751 Episcopum
489 2686 548 2751 pro
580 2665 826 2730 confirmatione
858 2663 1024 2729 electionis
1045 2652 1374 2749 lrujus-{i‘glsssslffiillil

111 2767 201 2833 modi
239 2767 420 2833 obtinenda
450 2767 734 2847 transmittuntur,
772 2764 990 2851 quandoqur⁶
1028 2766 1158 2853 magnis
1169 2752 1353 2855 imm,

111 2871 296 2958 fatigantur
318 2868 485 2933 laboribus
508 2874 543 2933 et
566 2868 726 2955 expensis,
756 2868 855 2933 etad
885 2872 1027 2934 remotas
1049 2852 1346 2955 partesilssllf'fnffllf„

109 2972 308 3061 quandoque
338 2972 557 3057 insequuntur
594 2971 744 3051 eundem,
777 2974 912 3057 propter
945 2970 1034 3056 quod
1063 2953 1385 3048 vobisl'ffiii'lffffssffiffi

110 3079 233 3142 damna
270 3081 303 3140 et
341 3074 540 3139 detrimenta
577 3074 691 3159 gravia
728 3074 925 3150 inferuntur,
961 3096 998 3138 ac
1029 3080 1161 3160 propter
1171 3054 1379 3150 iliffl'iio'fffflssn

104 3176 347 3264 jurisdictionis
378 3174 646 3263 suspensionem⁷
679 3177 773 3263 pravi
800 3176 936 3264 impune
958 3183 1102 3262 peccant,
1126 3182 1161 3241 et

109 3285 185 3347 tota
207 3285 321 3345 nostra
342 3277 554 3343 Universitas
578 3278 719 3344 fluctuat
750 3285 875 3344 rectore
906 3286 941 3344 ot
963 3279 1071 3365 capite
1104 3279 1160 3344 de-

108 3385 230 3450 stituta
242 3406 250 3462 ;
281 3388 396 3468 quaro
412 3402 472 3468 pro
499 3386 593 3467 parto
619 3380 752 3446 vestra⁸
767 3382 862 3446 nobis
891 3381 957 3446 fuit
991 3381 1161 3447 humiliter

108 3485 329 3573 supplicatum
346 3488 386 3548 ut
400 3482 573 3570 providere
589 3505 686 3570 super
701 3483 876 3570 praemissis
892 3483 931 3547 de
954 3483 1160 3570 benignitate

107 3588 288 3675 apostolica
326 3587 559 3672 dignaremur:
598 3584 669 3650 Nos
702 3584 823 3670 itaquo,
861 3584 1050 3671 hujusmodi
1084 3607 1161 3671 sup·

108 3688 345 3779 plicationibus
374 3687 535 3766 inclinati,
560 3687 649 3773 quod
676 3710 713 3752 eo
743 3687 824 3774 ipso,
856 3687 943 3772 (ruod
974 3686 1093 3771 aliquis
1125 3687 1161 3750 in

108 3791 349 3859 cancellarium
365 3790 463 3854 dictae
480 3788 719 3854 Universitatis
735 3812 794 3876 per
808 3789 981 3875 praediotos
1003 3788 1160 3852 Doctores

105 3918 147 3961 ac
171 3894 346 3981 Magistros
373 3897 524 3979 regentes
547 3892 695 3978 legitime
729 3890 793 3955 erit
829 3890 961 3967 electus,
989 3894 1160 3953 censeatur

104 3997 330 4076 confirmatus,
360 4000 394 4060 et
430 3994 496 4058 alia
530 3992 778 4059 confirmatione
816 4014 883 4056 non
921 3995 1025 4077 egeat,
1064 3990 1158 4056 vobis

102 4108 223 4168 tenore
247 4096 462 4185 praesentium
490 4097 530 4161 de
552 4097 660 4182 gratia
687 4094 894 4160 concedimus
917 4092 1056 4180 speciali.

536 4290 634 4298 .--.-—
659 4288 1156 4299 --—-——-—.—-——-..—-

143 4408 150 4438 ¹
165 4404 228 4460 rrrlr'l.
240 4405 297 4455 MS.
631 4400 636 4419 '
693 4400 908 4461 ⁵corrflrrnulr'onr's,
919 4399 975 4451 MS.

140 4488 153 4517 ²
163 4483 332 4543 solicitudinis,
344 4483 400 4533 MS.
693 4483 703 4509 ⁶
714 4480 808 4543 qrriqur,
819 4479 876 4529 MS.

140 4567 152 4595 ³
164 4570 195 4619 el,
205 4562 261 4612 MS.
694 4561 702 4586 ²
713 4559 893 4623 suspectarum,
903 4558 958 4608 MS.

141 4644 152 4673 ⁸
166 4642 243 4703 Cure,
254 4642 311 4691 MS.
692 4640 803 4697 'raris-lm,
815 4636 870 4687 MS.
