<?xml version="1.0" encoding="UTF-8"?>
<!DOCTYPE html PUBLIC "-//W3C//DTD XHTML 1.0 Transitional//EN"
    "http://www.w3.org/TR/xhtml1/DTD/xhtml1-transitional.dtd">
<html xmlns="http://www.w3.org/1999/xhtml" xml:lang="en" lang="en">
 <head>
  <title>
</title>
<meta http-equiv="Content-Type" content="text/html;charset=utf-8" />
  <meta name='ocr-system' content='tesseract 3.04.00' />
  <meta name='ocr-capabilities' content='ocr_page ocr_carea ocr_par ocr_line ocrx_word'/>
</head>
<body>
  <div class='ocr_page' id='page_1' title='image "./rerumbritannica16offigoog_0470.png"; bbox 0 0 3090 5490; ppageno 0'>
   <div class='ocr_carea' id='block_1_1' title="bbox 355 664 1248 725">
    <p class='ocr_par' dir='ltr' id='par_1_1' title="bbox 355 664 1248 725">
     <span class='ocr_line' id='line_1_1' title="bbox 355 664 1248 725; baseline -0.006 0"><span class='ocrx_word' id='word_1_1' title='bbox 355 664 419 725; x_wconf 76' lang='lat'>306</span> <span class='ocrx_word' id='word_1_2' title='bbox 519 675 610 724; x_wconf 76' lang='lat' dir='ltr'>simu</span> <span class='ocrx_word' id='word_1_3' title='bbox 634 672 862 723; x_wconf 80' lang='lat' dir='ltr'>osucmnsnn</span> <span class='ocrx_word' id='word_1_4' title='bbox 886 672 927 719; x_wconf 82' lang='lat' dir='ltr'>m</span> <span class='ocrx_word' id='word_1_5' title='bbox 951 670 1248 721; x_wconf 78' lang='lat' dir='ltr'>ruocumronun.</span> 
     </span>
    </p>
   </div>
   <div class='ocr_carea' id='block_1_2' title="bbox 129 841 1408 957">
    <p class='ocr_par' dir='ltr' id='par_1_2' title="bbox 129 841 1408 957">
     <span class='ocr_line' id='line_1_2' title="bbox 129 841 1408 957; baseline -0.013 -37"><span class='ocrx_word' id='word_1_6' title='bbox 129 856 309 957; x_wconf 49' lang='lat' dir='ltr'>{mm-</span> <span class='ocrx_word' id='word_1_7' title='bbox 353 847 408 912; x_wconf 86' lang='lat' dir='ltr'>vel</span> <span class='ocrx_word' id='word_1_8' title='bbox 431 848 465 911; x_wconf 92' lang='lat' dir='ltr'>in</span> <span class='ocrx_word' id='word_1_9' title='bbox 489 847 595 911; x_wconf 81' lang='lat' dir='ltr'>forma</span> <span class='ocrx_word' id='word_1_10' title='bbox 613 845 766 932; x_wconf 86' lang='lat' dir='ltr'>pauperis</span> <span class='ocrx_word' id='word_1_11' title='bbox 787 866 822 909; x_wconf 88' lang='lat' dir='ltr'>se</span> <span class='ocrx_word' id='word_1_12' title='bbox 840 844 973 921; x_wconf 87' lang='lat' dir='ltr'>habens,</span> <span class='ocrx_word' id='word_1_13' title='bbox 989 865 1048 909; x_wconf 87' lang='lat' dir='ltr'>sex</span> <span class='ocrx_word' id='word_1_14' title='bbox 1068 842 1191 909; x_wconf 85' lang='lat' dir='ltr'>solidos</span> <span class='ocrx_word' id='word_1_15' title='bbox 1215 847 1292 909; x_wconf 86' lang='lat' dir='ltr'>octo</span> <span class='ocrx_word' id='word_1_16' title='bbox 1317 841 1408 906; x_wconf 87' lang='lat' dir='ltr'>dens·</span> 
     </span>
    </p>
   </div>
   <div class='ocr_carea' id='block_1_3' title="bbox 128 946 1409 2446">
    <p class='ocr_par' dir='ltr' id='par_1_3' title="bbox 128 946 1409 2446">
     <span class='ocr_line' id='line_1_3' title="bbox 128 946 1408 1051; baseline -0.005 -37"><span class='ocrx_word' id='word_1_17' title='bbox 128 972 156 1001; x_wconf 69' lang='lat' dir='ltr'><strong><em>w</em></strong></span> <span class='ocrx_word' id='word_1_18' title='bbox 231 957 303 1051; x_wconf 57' lang='lat'>‘0312</span> <span class='ocrx_word' id='word_1_19' title='bbox 354 949 419 1013; x_wconf 87' lang='lat' dir='ltr'>rios</span> <span class='ocrx_word' id='word_1_20' title='bbox 443 947 665 1013; x_wconf 80' lang='lat' dir='ltr'>Universitnti</span> <span class='ocrx_word' id='word_1_21' title='bbox 687 947 813 1012; x_wconf 87' lang='lat' dir='ltr'>solvere</span> <span class='ocrx_word' id='word_1_22' title='bbox 835 951 1009 1026; x_wconf 81' lang='lat' dir='ltr'>teneatur3</span> <span class='ocrx_word' id='word_1_23' title='bbox 1039 946 1067 1010; x_wconf 87' lang='lat' dir='ltr'>si</span> <span class='ocrx_word' id='word_1_24' title='bbox 1091 966 1170 1011; x_wconf 84' lang='lat' dir='ltr'>vero</span> <span class='ocrx_word' id='word_1_25' title='bbox 1192 967 1264 1011; x_wconf 90' lang='lat' dir='ltr'>non</span> <span class='ocrx_word' id='word_1_26' title='bbox 1285 964 1408 1032; x_wconf 90' lang='lat' dir='ltr'>promo·</span> 
     </span>
     <span class='ocr_line' id='line_1_4' title="bbox 129 1020 1408 1130; baseline -0.006 -14"><span class='ocrx_word' id='word_1_27' title='bbox 129 1020 281 1103; x_wconf 39' lang='lat' dir='ltr'>iffi&amp;</span> <span class='ocrx_word' id='word_1_28' title='bbox 355 1051 541 1130; x_wconf 69' lang='lat' dir='ltr'>confuerit,</span> <span class='ocrx_word' id='word_1_29' title='bbox 569 1049 741 1115; x_wconf 79' lang='lat' dir='ltr'>duodecim</span> <span class='ocrx_word' id='word_1_30' title='bbox 772 1049 923 1115; x_wconf 87' lang='lat' dir='ltr'>denarios</span> <span class='ocrx_word' id='word_1_31' title='bbox 953 1048 1223 1113; x_wconf 77' lang='lat' dir='ltr'>hebdomadatim</span> <span class='ocrx_word' id='word_1_32' title='bbox 1256 1045 1408 1113; x_wconf 81' lang='lat' dir='ltr'>excedens</span> 
     </span>
     <span class='ocr_line' id='line_1_5' title="bbox 355 1147 1408 1237; baseline -0.006 -19"><span class='ocrx_word' id='word_1_33' title='bbox 355 1155 391 1218; x_wconf 90' lang='lat' dir='ltr'>in</span> <span class='ocrx_word' id='word_1_34' title='bbox 414 1152 605 1229; x_wconf 89' lang='lat' dir='ltr'>communis,</span> <span class='ocrx_word' id='word_1_35' title='bbox 629 1152 788 1218; x_wconf 75' lang='lat' dir='ltr'>tredecim</span> <span class='ocrx_word' id='word_1_36' title='bbox 820 1152 940 1217; x_wconf 89' lang='lat' dir='ltr'>solidos</span> <span class='ocrx_word' id='word_1_37' title='bbox 972 1156 1112 1237; x_wconf 85' lang='lat' dir='ltr'>quatuor</span> <span class='ocrx_word' id='word_1_38' title='bbox 1143 1149 1299 1216; x_wconf 81' lang='lat' dir='ltr'>denarios</span> <span class='ocrx_word' id='word_1_39' title='bbox 1329 1147 1408 1215; x_wconf 88' lang='lat' dir='ltr'>Uni·</span> 
     </span>
     <span class='ocr_line' id='line_1_6' title="bbox 356 1251 1406 1340; baseline -0.008 -18"><span class='ocrx_word' id='word_1_40' title='bbox 356 1256 506 1322; x_wconf 85' lang='lat' dir='ltr'>versitati</span> <span class='ocrx_word' id='word_1_41' title='bbox 531 1256 633 1321; x_wconf 85' lang='lat' dir='ltr'>etism</span> <span class='ocrx_word' id='word_1_42' title='bbox 659 1255 787 1320; x_wconf 85' lang='lat' dir='ltr'>solvere</span> <span class='ocrx_word' id='word_1_43' title='bbox 808 1259 980 1320; x_wconf 81' lang='lat' dir='ltr'>tenentur:</span> <span class='ocrx_word' id='word_1_44' title='bbox 1011 1257 1182 1340; x_wconf 90' lang='lat' dir='ltr'>promotus</span> <span class='ocrx_word' id='word_1_45' title='bbox 1204 1275 1286 1319; x_wconf 86' lang='lat' dir='ltr'>vcro</span> <span class='ocrx_word' id='word_1_46' title='bbox 1308 1251 1406 1317; x_wconf 89' lang='lat' dir='ltr'>solum</span> 
     </span>
     <span class='ocr_line' id='line_1_7' title="bbox 355 1357 1407 1443; baseline -0.003 -19"><span class='ocrx_word' id='word_1_47' title='bbox 355 1359 399 1424; x_wconf 80' lang='lat' dir='ltr'>sd</span> <span class='ocrx_word' id='word_1_48' title='bbox 425 1360 536 1425; x_wconf 88' lang='lat' dir='ltr'>decem</span> <span class='ocrx_word' id='word_1_49' title='bbox 561 1380 686 1424; x_wconf 81' lang='lat' dir='ltr'>marces</span> <span class='ocrx_word' id='word_1_50' title='bbox 707 1358 763 1424; x_wconf 87' lang='lat' dir='ltr'>vel</span> <span class='ocrx_word' id='word_1_51' title='bbox 787 1358 878 1434; x_wconf 74' lang='lat' dir='ltr'>citra</span> <span class='ocrx_word' id='word_1_52' title='bbox 897 1357 987 1422; x_wconf 84' lang='lat' dir='ltr'>inter</span> <span class='ocrx_word' id='word_1_53' title='bbox 1009 1379 1074 1422; x_wconf 91' lang='lat' dir='ltr'>non</span> <span class='ocrx_word' id='word_1_54' title='bbox 1097 1361 1277 1443; x_wconf 87' lang='lat' dir='ltr'>promotos,</span> <span class='ocrx_word' id='word_1_55' title='bbox 1300 1374 1407 1421; x_wconf 87' lang='lat' dir='ltr'>secun·</span> 
     </span>
     <span class='ocr_line' id='line_1_8' title="bbox 356 1454 1408 1546; baseline -0.004 -21"><span class='ocrx_word' id='word_1_56' title='bbox 356 1461 436 1525; x_wconf 87' lang='lat' dir='ltr'>dum</span> <span class='ocrx_word' id='word_1_57' title='bbox 460 1461 599 1526; x_wconf 85' lang='lat' dir='ltr'>alterum</span> <span class='ocrx_word' id='word_1_58' title='bbox 623 1459 866 1546; x_wconf 72' lang='lat' dir='ltr'>preemissarum</span> <span class='ocrx_word' id='word_1_59' title='bbox 896 1459 1135 1524; x_wconf 85' lang='lat' dir='ltr'>sententiarum</span> <span class='ocrx_word' id='word_1_60' title='bbox 1158 1480 1271 1524; x_wconf 89' lang='lat' dir='ltr'>secum</span> <span class='ocrx_word' id='word_1_61' title='bbox 1292 1454 1408 1522; x_wconf 81' lang='lat' dir='ltr'>hebdo</span> 
     </span>
     <span class='ocr_line' id='line_1_9' title="bbox 356 1559 1407 1649; baseline -0.005 -22"><span class='ocrx_word' id='word_1_62' title='bbox 356 1563 515 1628; x_wconf 80' lang='lat' dir='ltr'>madetim</span> <span class='ocrx_word' id='word_1_63' title='bbox 541 1563 715 1649; x_wconf 83' lang='lat' dir='ltr'>aequsliter</span> <span class='ocrx_word' id='word_1_64' title='bbox 742 1562 966 1648; x_wconf 67' lang='lat' dir='ltr'>expendentes</span> <span class='ocrx_word' id='word_1_65' title='bbox 988 1562 1053 1627; x_wconf 85' lang='lat' dir='ltr'>rite</span> <span class='ocrx_word' id='word_1_66' title='bbox 1074 1561 1302 1648; x_wconf 81' lang='lat' dir='ltr'>computatis3</span> <span class='ocrx_word' id='word_1_67' title='bbox 1328 1559 1407 1623; x_wconf 85' lang='lat' dir='ltr'>sicut</span> 
     </span>
     <span class='ocr_line' id='line_1_10' title="bbox 356 1660 1407 1752; baseline -0.005 -22"><span class='ocrx_word' id='word_1_68' title='bbox 356 1666 384 1730; x_wconf 89' lang='lat' dir='ltr'>si</span> <span class='ocrx_word' id='word_1_69' title='bbox 408 1672 577 1752; x_wconf 80' lang='lat' dir='ltr'>promotus</span> <span class='ocrx_word' id='word_1_70' title='bbox 600 1663 701 1729; x_wconf 81' lang='lat' dir='ltr'>fuerit</span> <span class='ocrx_word' id='word_1_71' title='bbox 724 1664 812 1729; x_wconf 83' lang='lat' dir='ltr'>ultro</span> <span class='ocrx_word' id='word_1_72' title='bbox 827 1664 938 1729; x_wconf 86' lang='lat' dir='ltr'>decem</span> <span class='ocrx_word' id='word_1_73' title='bbox 960 1684 1093 1742; x_wconf 81' lang='lat' dir='ltr'>marcus,</span> <span class='ocrx_word' id='word_1_74' title='bbox 1111 1668 1145 1728; x_wconf 89' lang='lat' dir='ltr'>et</span> <span class='ocrx_word' id='word_1_75' title='bbox 1166 1663 1253 1729; x_wconf 76' lang='lat' dir='ltr'>citro</span> <span class='ocrx_word' id='word_1_76' title='bbox 1272 1660 1407 1748; x_wconf 80' lang='lat' dir='ltr'>quadra·</span> 
     </span>
     <span class='ocr_line' id='line_1_11' title="bbox 356 1761 1409 1855; baseline -0.005 -22"><span class='ocrx_word' id='word_1_77' title='bbox 356 1769 452 1855; x_wconf 84' lang='lat' dir='ltr'>gints</span> <span class='ocrx_word' id='word_1_78' title='bbox 473 1767 585 1844; x_wconf 79' lang='lat' dir='ltr'>libras,</span> <span class='ocrx_word' id='word_1_79' title='bbox 601 1766 725 1853; x_wconf 84' lang='lat' dir='ltr'>viginti</span> <span class='ocrx_word' id='word_1_80' title='bbox 747 1787 807 1831; x_wconf 86' lang='lat' dir='ltr'>sex</span> <span class='ocrx_word' id='word_1_81' title='bbox 827 1765 948 1831; x_wconf 79' lang='lat' dir='ltr'>eolides</span> <span class='ocrx_word' id='word_1_82' title='bbox 969 1772 1042 1832; x_wconf 87' lang='lat' dir='ltr'>octo</span> <span class='ocrx_word' id='word_1_83' title='bbox 1065 1766 1215 1831; x_wconf 78' lang='lat' dir='ltr'>denarios</span> <span class='ocrx_word' id='word_1_84' title='bbox 1241 1761 1409 1830; x_wconf 83' lang='lat' dir='ltr'>Universi·</span> 
     </span>
     <span class='ocr_line' id='line_1_12' title="bbox 357 1865 1408 1955; baseline -0.006 -20"><span class='ocrx_word' id='word_1_85' title='bbox 357 1871 421 1936; x_wconf 86' lang='lat' dir='ltr'>tati</span> <span class='ocrx_word' id='word_1_86' title='bbox 451 1869 575 1935; x_wconf 87' lang='lat' dir='ltr'>solvere</span> <span class='ocrx_word' id='word_1_87' title='bbox 606 1869 777 1955; x_wconf 85' lang='lat' dir='ltr'>obligetur.</span> <span class='ocrx_word' id='word_1_88' title='bbox 834 1867 973 1934; x_wconf 76' lang='lat' dir='ltr'>sivero</span> <span class='ocrx_word' id='word_1_89' title='bbox 995 1869 1039 1933; x_wconf 89' lang='lat' dir='ltr'>ad</span> <span class='ocrx_word' id='word_1_90' title='bbox 1061 1868 1285 1955; x_wconf 58' lang='lat' dir='ltr'>quodraginta</span> <span class='ocrx_word' id='word_1_91' title='bbox 1313 1865 1408 1930; x_wconf 79' lang='lat' dir='ltr'>libras</span> 
     </span>
     <span class='ocr_line' id='line_1_13' title="bbox 357 1969 1408 2057; baseline -0.005 -20"><span class='ocrx_word' id='word_1_92' title='bbox 357 1977 417 2037; x_wconf 86' lang='lat' dir='ltr'>out</span> <span class='ocrx_word' id='word_1_93' title='bbox 432 1972 528 2051; x_wconf 86' lang='lat' dir='ltr'>ultra,</span> <span class='ocrx_word' id='word_1_94' title='bbox 544 1972 628 2036; x_wconf 80' lang='lat' dir='ltr'>citra</span> <span class='ocrx_word' id='word_1_95' title='bbox 651 1976 784 2037; x_wconf 90' lang='lat' dir='ltr'>centum</span> <span class='ocrx_word' id='word_1_96' title='bbox 808 1970 917 2051; x_wconf 85' lang='lat' dir='ltr'>libras,</span> <span class='ocrx_word' id='word_1_97' title='bbox 932 1976 1103 2057; x_wconf 90' lang='lat' dir='ltr'>promotus</span> <span class='ocrx_word' id='word_1_98' title='bbox 1123 1970 1234 2047; x_wconf 87' lang='lat' dir='ltr'>fuerit,</span> <span class='ocrx_word' id='word_1_99' title='bbox 1251 1969 1408 2055; x_wconf 80' lang='lat' dir='ltr'>quinque-</span> 
     </span>
     <span class='ocr_line' id='line_1_14' title="bbox 358 2070 1408 2160; baseline -0.004 -22"><span class='ocrx_word' id='word_1_100' title='bbox 358 2074 454 2160; x_wconf 80' lang='lat' dir='ltr'>ginta</span> <span class='ocrx_word' id='word_1_101' title='bbox 476 2079 544 2138; x_wconf 89' lang='lat' dir='ltr'>tres</span> <span class='ocrx_word' id='word_1_102' title='bbox 559 2073 678 2138; x_wconf 87' lang='lat' dir='ltr'>solidos</span> <span class='ocrx_word' id='word_1_103' title='bbox 694 2071 855 2158; x_wconf 86' lang='lat' dir='ltr'>qustu0r¹</span> <span class='ocrx_word' id='word_1_104' title='bbox 882 2073 1033 2137; x_wconf 75' lang='lat' dir='ltr'>donanim</span> <span class='ocrx_word' id='word_1_105' title='bbox 1047 2071 1275 2138; x_wconf 83' lang='lat' dir='ltr'>Universitsti</span> <span class='ocrx_word' id='word_1_106' title='bbox 1289 2070 1408 2135; x_wconf 80' lang='lat' dir='ltr'>solvere</span> 
     </span>
     <span class='ocr_line' id='line_1_15' title="bbox 359 2173 1408 2261; baseline -0.002 -22"><span class='ocrx_word' id='word_1_107' title='bbox 359 2196 393 2240; x_wconf 90' lang='lat' dir='ltr'>se</span> <span class='ocrx_word' id='word_1_108' title='bbox 416 2179 531 2239; x_wconf 87' lang='lat' dir='ltr'>noscet</span> <span class='ocrx_word' id='word_1_109' title='bbox 549 2178 723 2254; x_wconf 81' lang='lat' dir='ltr'>arctatum,</span> <span class='ocrx_word' id='word_1_110' title='bbox 740 2175 1015 2261; x_wconf 82' lang='lat' dir='ltr'>quemadmodum</span> <span class='ocrx_word' id='word_1_111' title='bbox 1039 2176 1067 2240; x_wconf 90' lang='lat' dir='ltr'>si</span> <span class='ocrx_word' id='word_1_112' title='bbox 1089 2174 1133 2240; x_wconf 85' lang='lat' dir='ltr'>sd</span> <span class='ocrx_word' id='word_1_113' title='bbox 1155 2179 1290 2240; x_wconf 88' lang='lat' dir='ltr'>centum</span> <span class='ocrx_word' id='word_1_114' title='bbox 1313 2173 1408 2238; x_wconf 77' lang='lat' dir='ltr'>libres</span> 
     </span>
     <span class='ocr_line' id='line_1_16' title="bbox 358 2276 1405 2363; baseline -0.004 -21"><span class='ocrx_word' id='word_1_115' title='bbox 358 2282 419 2342; x_wconf 88' lang='lat' dir='ltr'>aut</span> <span class='ocrx_word' id='word_1_116' title='bbox 440 2276 527 2342; x_wconf 83' lang='lat' dir='ltr'>ultra</span> <span class='ocrx_word' id='word_1_117' title='bbox 550 2283 791 2363; x_wconf 73' lang='lat' dir='ltr'>promoveatur,</span> <span class='ocrx_word' id='word_1_118' title='bbox 816 2277 961 2363; x_wconf 90' lang='lat' dir='ltr'>quinque</span> <span class='ocrx_word' id='word_1_119' title='bbox 984 2278 1093 2358; x_wconf 87' lang='lat' dir='ltr'>libres,</span> <span class='ocrx_word' id='word_1_120' title='bbox 1109 2300 1168 2343; x_wconf 84' lang='lat' dir='ltr'>sex</span> <span class='ocrx_word' id='word_1_121' title='bbox 1190 2276 1323 2356; x_wconf 90' lang='lat' dir='ltr'>solidos,</span> <span class='ocrx_word' id='word_1_122' title='bbox 1339 2278 1405 2341; x_wconf 85' lang='lat' dir='ltr'>octo</span> 
     </span>
     <span class='ocr_line' id='line_1_17' title="bbox 130 2374 1407 2446; baseline -0.002 -1"><span class='ocrx_word' id='word_1_123' title='bbox 130 2389 283 2445; x_wconf 64' lang='lat' dir='ltr'>inuramus</span> <span class='ocrx_word' id='word_1_124' title='bbox 359 2380 511 2445; x_wconf 80' lang='lat' dir='ltr'>denarios</span> <span class='ocrx_word' id='word_1_125' title='bbox 558 2379 784 2446; x_wconf 83' lang='lat' dir='ltr'>Universitsti</span> <span class='ocrx_word' id='word_1_126' title='bbox 819 2381 944 2445; x_wconf 85' lang='lat' dir='ltr'>solvere</span> <span class='ocrx_word' id='word_1_127' title='bbox 982 2381 1027 2445; x_wconf 91' lang='lat' dir='ltr'>sit</span> <span class='ocrx_word' id='word_1_128' title='bbox 1061 2378 1262 2445; x_wconf 78' lang='lat' dir='ltr'>sstlictusz⁹</span> <span class='ocrx_word' id='word_1_129' title='bbox 1299 2374 1407 2443; x_wconf 78' lang='lat' dir='ltr'>laicis&#39;</span> 
     </span>
    </p>
   </div>
   <div class='ocr_carea' id='block_1_4' title="bbox 131 2441 324 2485">
    <p class='ocr_par' dir='ltr' id='par_1_4' title="bbox 131 2441 324 2485">
     <span class='ocr_line' id='line_1_18' title="bbox 131 2441 324 2485; baseline 0 0"><span class='ocrx_word' id='word_1_130' title='bbox 131 2441 261 2485; x_wconf 78' lang='lat' dir='ltr'>shsllbesu</span> <span class='ocrx_word' id='word_1_131' title='bbox 286 2442 324 2485; x_wconf 81' lang='lat' dir='ltr'>cot</span> 
     </span>
    </p>
   </div>
   <div class='ocr_carea' id='block_1_5' title="bbox 129 2480 1407 2595">
    <p class='ocr_par' dir='ltr' id='par_1_5' title="bbox 129 2480 1407 2595">
     <span class='ocr_line' id='line_1_19' title="bbox 129 2480 1407 2595; baseline 0.002 -51"><span class='ocrx_word' id='word_1_132' title='bbox 129 2492 325 2595; x_wconf 42' lang='lat' dir='ltr'>{affirm</span> <span class='ocrx_word' id='word_1_133' title='bbox 357 2504 445 2561; x_wconf 90' lang='lat' dir='ltr'>vero,</span> <span class='ocrx_word' id='word_1_134' title='bbox 470 2483 649 2548; x_wconf 88' lang='lat' dir='ltr'>secundum</span> <span class='ocrx_word' id='word_1_135' title='bbox 673 2504 749 2547; x_wconf 86' lang='lat' dir='ltr'>suas</span> <span class='ocrx_word' id='word_1_136' title='bbox 772 2503 941 2568; x_wconf 84' lang='lat' dir='ltr'>expensas,</span> <span class='ocrx_word' id='word_1_137' title='bbox 964 2504 1024 2568; x_wconf 90' lang='lat' dir='ltr'>pro</span> <span class='ocrx_word' id='word_1_138' title='bbox 1051 2482 1175 2547; x_wconf 82' lang='lat' dir='ltr'>talibus</span> <span class='ocrx_word' id='word_1_139' title='bbox 1198 2480 1333 2547; x_wconf 82' lang='lat' dir='ltr'>offensis</span> <span class='ocrx_word' id='word_1_140' title='bbox 1354 2498 1407 2567; x_wconf 75' lang='lat' dir='ltr'>per</span> 
     </span>
    </p>
   </div>
   <div class='ocr_carea' id='block_1_6' title="bbox 130 2583 1406 2671">
    <p class='ocr_par' dir='ltr' id='par_1_6' title="bbox 130 2583 1406 2671">
     <span class='ocr_line' id='line_1_20' title="bbox 130 2583 1406 2671; baseline -0.002 -24"><span class='ocrx_word' id='word_1_141' title='bbox 130 2592 280 2647; x_wconf 63' lang='lat' dir='ltr'>ormana</span> <span class='ocrx_word' id='word_1_142' title='bbox 355 2587 486 2652; x_wconf 87' lang='lat' dir='ltr'>eosdem</span> <span class='ocrx_word' id='word_1_143' title='bbox 509 2584 689 2651; x_wconf 89' lang='lat' dir='ltr'>commissis</span> <span class='ocrx_word' id='word_1_144' title='bbox 712 2606 786 2649; x_wconf 88' lang='lat' dir='ltr'>cum</span> <span class='ocrx_word' id='word_1_145' title='bbox 809 2584 979 2671; x_wconf 84' lang='lat' dir='ltr'>Megistris</span> <span class='ocrx_word' id='word_1_146' title='bbox 994 2606 1050 2650; x_wconf 86' lang='lat' dir='ltr'>seu</span> <span class='ocrx_word' id='word_1_147' title='bbox 1068 2583 1278 2650; x_wconf 81' lang='lat' dir='ltr'>Scholeribus</span> <span class='ocrx_word' id='word_1_148' title='bbox 1297 2602 1406 2671; x_wconf 81' lang='lat' dir='ltr'>poenm</span> 
     </span>
    </p>
   </div>
   <div class='ocr_carea' id='block_1_7' title="bbox 129 2686 1406 2800">
    <p class='ocr_par' dir='ltr' id='par_1_7' title="bbox 129 2686 1406 2800">
     <span class='ocr_line' id='line_1_21' title="bbox 129 2686 1406 2800; baseline -0.002 -49"><span class='ocrx_word' id='word_1_149' title='bbox 129 2704 338 2800; x_wconf 50' lang='lat' dir='ltr'>stenenveof</span> <span class='ocrx_word' id='word_1_150' title='bbox 356 2690 485 2754; x_wconf 84' lang='lat' dir='ltr'>easdem</span> <span class='ocrx_word' id='word_1_151' title='bbox 508 2687 748 2754; x_wconf 86' lang='lat' dir='ltr'>subeuntibus:</span> <span class='ocrx_word' id='word_1_152' title='bbox 781 2688 830 2753; x_wconf 84' lang='lat' dir='ltr'>its</span> <span class='ocrx_word' id='word_1_153' title='bbox 852 2688 952 2752; x_wconf 87' lang='lat' dir='ltr'>stiam</span> <span class='ocrx_word' id='word_1_154' title='bbox 978 2687 1066 2774; x_wconf 93' lang='lat' dir='ltr'>quod</span> <span class='ocrx_word' id='word_1_155' title='bbox 1096 2688 1208 2753; x_wconf 92' lang='lat' dir='ltr'>nullus</span> <span class='ocrx_word' id='word_1_156' title='bbox 1239 2688 1281 2753; x_wconf 93' lang='lat' dir='ltr'>de</span> <span class='ocrx_word' id='word_1_157' title='bbox 1303 2686 1406 2773; x_wconf 78' lang='lat' dir='ltr'>alique</span> 
     </span>
    </p>
   </div>
   <div class='ocr_carea' id='block_1_8' title="bbox 129 2758 303 2803">
    <p class='ocr_par' dir='ltr' id='par_1_8' title="bbox 129 2758 303 2803">
     <span class='ocr_line' id='line_1_22' title="bbox 129 2758 303 2803; baseline -0.017 -1"><span class='ocrx_word' id='word_1_158' title='bbox 129 2758 303 2803; x_wconf 59' lang='lat' dir='ltr'>musmo</span> 
     </span>
    </p>
   </div>
   <div class='ocr_carea' id='block_1_9' title="bbox 129 2789 1407 2902">
    <p class='ocr_par' dir='ltr' id='par_1_9' title="bbox 129 2789 1407 2902">
     <span class='ocr_line' id='line_1_23' title="bbox 129 2789 1407 2902; baseline 0.002 -52"><span class='ocrx_word' id='word_1_159' title='bbox 129 2807 320 2902; x_wconf 37' lang='lat' dir='ltr'>megene</span> <span class='ocrx_word' id='word_1_160' title='bbox 356 2812 454 2857; x_wconf 87' lang='lat' dir='ltr'>csuse</span> <span class='ocrx_word' id='word_1_161' title='bbox 485 2811 551 2855; x_wconf 89' lang='lat' dir='ltr'>non</span> <span class='ocrx_word' id='word_1_162' title='bbox 586 2790 720 2876; x_wconf 85' lang='lat' dir='ltr'>proprie</span> <span class='ocrx_word' id='word_1_163' title='bbox 750 2789 861 2874; x_wconf 87' lang='lat' dir='ltr'>sliquo</span> <span class='ocrx_word' id='word_1_164' title='bbox 891 2789 989 2854; x_wconf 91' lang='lat' dir='ltr'>modo</span> <span class='ocrx_word' id='word_1_165' title='bbox 1019 2789 1234 2867; x_wconf 83' lang='lat' dir='ltr'>intromittet,</span> <span class='ocrx_word' id='word_1_166' title='bbox 1270 2789 1335 2855; x_wconf 91' lang='lat' dir='ltr'>nisi</span> <span class='ocrx_word' id='word_1_167' title='bbox 1366 2789 1407 2853; x_wconf 86' lang='lat' dir='ltr'>sit</span> 
     </span>
    </p>
   </div>
   <div class='ocr_carea' id='block_1_10' title="bbox 129 2889 1407 3003">
    <p class='ocr_par' dir='ltr' id='par_1_10' title="bbox 129 2889 1407 3003">
     <span class='ocr_line' id='line_1_24' title="bbox 129 2889 1407 3003; baseline -0.002 -47"><span class='ocrx_word' id='word_1_168' title='bbox 129 2907 337 3003; x_wconf 41' lang='lat' dir='ltr'>&amp;affiatu</span> <span class='ocrx_word' id='word_1_169' title='bbox 355 2894 491 2959; x_wconf 76' lang='lat' dir='ltr'>alterius</span> <span class='ocrx_word' id='word_1_170' title='bbox 512 2914 660 2979; x_wconf 85' lang='lat' dir='ltr'>personae</span> <span class='ocrx_word' id='word_1_171' title='bbox 677 2889 751 2956; x_wconf 76' lang='lat' dir='ltr'>vel⁴</span> <span class='ocrx_word' id='word_1_172' title='bbox 773 2892 878 2979; x_wconf 87' lang='lat' dir='ltr'>partis</span> <span class='ocrx_word' id='word_1_173' title='bbox 901 2897 1028 2958; x_wconf 83' lang='lat' dir='ltr'>vocatee</span> <span class='ocrx_word' id='word_1_174' title='bbox 1052 2893 1088 2956; x_wconf 91' lang='lat' dir='ltr'>in</span> <span class='ocrx_word' id='word_1_175' title='bbox 1106 2892 1234 2977; x_wconf 88' lang='lat' dir='ltr'>judicio</span> <span class='ocrx_word' id='word_1_176' title='bbox 1251 2892 1407 2979; x_wconf 77' lang='lat' dir='ltr'>Magister</span> 
     </span>
    </p>
   </div>
   <div class='ocr_carea' id='block_1_11' title="bbox 129 2994 1406 3081">
    <p class='ocr_par' dir='ltr' id='par_1_11' title="bbox 129 2994 1406 3081">
     <span class='ocr_line' id='line_1_25' title="bbox 129 2994 1406 3081; baseline 0.01 -28"><span class='ocrx_word' id='word_1_177' title='bbox 129 3008 323 3053; x_wconf 64' lang='lat' dir='ltr'>senonens</span> <span class='ocrx_word' id='word_1_178' title='bbox 355 3018 390 3059; x_wconf 87' lang='lat' dir='ltr'>m</span> <span class='ocrx_word' id='word_1_179' title='bbox 429 2994 602 3073; x_wconf 74' lang='lat' dir='ltr'>ordinario,</span> <span class='ocrx_word' id='word_1_180' title='bbox 642 3016 762 3060; x_wconf 88' lang='lat' dir='ltr'>suusve</span> <span class='ocrx_word' id='word_1_181' title='bbox 799 2994 991 3081; x_wconf 86' lang='lat' dir='ltr'>principalis</span> <span class='ocrx_word' id='word_1_182' title='bbox 1032 2994 1183 3076; x_wconf 86' lang='lat' dir='ltr'>creditor,</span> <span class='ocrx_word' id='word_1_183' title='bbox 1222 2995 1406 3065; x_wconf 75' lang='lat' dir='ltr'>advocatus.</span> 
     </span>
    </p>
   </div>
   <div class='ocr_carea' id='block_1_12' title="bbox 129 3059 346 3113">
    <p class='ocr_par' dir='ltr' id='par_1_12' title="bbox 129 3059 346 3113">
     <span class='ocr_line' id='line_1_26' title="bbox 129 3059 346 3113; baseline 0 -11"><span class='ocrx_word' id='word_1_184' title='bbox 129 3059 346 3113; x_wconf 67' lang='lat' dir='ltr'>regulercsterof</span> 
     </span>
    </p>
   </div>
   <div class='ocr_carea' id='block_1_13' title="bbox 129 3096 1403 3202">
    <p class='ocr_par' dir='ltr' id='par_1_13' title="bbox 129 3096 1403 3202">
     <span class='ocr_line' id='line_1_27' title="bbox 129 3096 1403 3202; baseline 0.002 -44"><span class='ocrx_word' id='word_1_185' title='bbox 129 3108 316 3202; x_wconf 37' lang='lat' dir='ltr'>megum·</span> <span class='ocrx_word' id='word_1_186' title='bbox 355 3098 549 3183; x_wconf 78' lang='lat' dir='ltr'>assignatus,</span> <span class='ocrx_word' id='word_1_187' title='bbox 587 3102 779 3182; x_wconf 81' lang='lat' dir='ltr'>procurator</span> <span class='ocrx_word' id='word_1_188' title='bbox 814 3096 1023 3176; x_wconf 78' lang='lat' dir='ltr'>constitutus,</span> <span class='ocrx_word' id='word_1_189' title='bbox 1062 3098 1164 3175; x_wconf 86' lang='lat' dir='ltr'>testis,</span> <span class='ocrx_word' id='word_1_190' title='bbox 1198 3097 1403 3171; x_wconf 74' lang='lat' dir='ltr'>necessarius,</span> 
     </span>
    </p>
   </div>
   <div class='ocr_carea' id='block_1_14' title="bbox 129 3198 1410 4109">
    <p class='ocr_par' dir='ltr' id='par_1_14' title="bbox 129 3198 1410 4109">
     <span class='ocr_line' id='line_1_28' title="bbox 129 3198 1406 3302; baseline 0.002 -41"><span class='ocrx_word' id='word_1_191' title='bbox 129 3211 322 3302; x_wconf 37' lang='lat' dir='ltr'>megm-</span> <span class='ocrx_word' id='word_1_192' title='bbox 356 3198 533 3284; x_wconf 78' lang='lat' dir='ltr'>fidejussor,</span> <span class='ocrx_word' id='word_1_193' title='bbox 561 3199 676 3283; x_wconf 85' lang='lat' dir='ltr'>judex,</span> <span class='ocrx_word' id='word_1_194' title='bbox 702 3198 945 3264; x_wconf 80' lang='lat' dir='ltr'>arbitratorvc⁵</span> <span class='ocrx_word' id='word_1_195' title='bbox 973 3200 1105 3279; x_wconf 86' lang='lat' dir='ltr'>electus,</span> <span class='ocrx_word' id='word_1_196' title='bbox 1130 3220 1327 3285; x_wconf 88' lang='lat' dir='ltr'>quocunque</span> <span class='ocrx_word' id='word_1_197' title='bbox 1348 3200 1406 3264; x_wconf 87' lang='lat' dir='ltr'>sub</span> 
     </span>
     <span class='ocr_line' id='line_1_29' title="bbox 129 3292 1407 3388; baseline 0.005 -28"><span class='ocrx_word' id='word_1_198' title='bbox 129 3292 315 3360; x_wconf 69' lang='lat' dir='ltr'>insort&#39;hewe·</span> <span class='ocrx_word' id='word_1_199' title='bbox 356 3301 469 3376; x_wconf 90' lang='lat' dir='ltr'>colore,</span> <span class='ocrx_word' id='word_1_200' title='bbox 499 3302 606 3386; x_wconf 86' lang='lat' dir='ltr'>poenis</span> <span class='ocrx_word' id='word_1_201' title='bbox 641 3301 702 3365; x_wconf 88' lang='lat' dir='ltr'>sub</span> <span class='ocrx_word' id='word_1_202' title='bbox 740 3302 862 3366; x_wconf 78' lang='lat' dir='ltr'>eisdem</span> <span class='ocrx_word' id='word_1_203' title='bbox 893 3303 1041 3388; x_wconf 86' lang='lat' dir='ltr'>personis</span> <span class='ocrx_word' id='word_1_204' title='bbox 1075 3302 1407 3377; x_wconf 80' lang='lat' dir='ltr'>contravenientibus‚</span> 
     </span>
     <span class='ocr_line' id='line_1_30' title="bbox 356 3403 1407 3490; baseline 0.005 -25"><span class='ocrx_word' id='word_1_205' title='bbox 356 3405 534 3468; x_wconf 86' lang='lat' dir='ltr'>secundum</span> <span class='ocrx_word' id='word_1_206' title='bbox 561 3403 698 3469; x_wconf 82' lang='lat' dir='ltr'>eandem</span> <span class='ocrx_word' id='word_1_207' title='bbox 725 3404 970 3468; x_wconf 77' lang='lat' dir='ltr'>distinctionem</span> <span class='ocrx_word' id='word_1_208' title='bbox 998 3426 1219 3490; x_wconf 79' lang='lat' dir='ltr'>personarum,</span> <span class='ocrx_word' id='word_1_209' title='bbox 1252 3428 1318 3470; x_wconf 91' lang='lat' dir='ltr'>non</span> <span class='ocrx_word' id='word_1_210' title='bbox 1350 3407 1407 3469; x_wconf 92' lang='lat' dir='ltr'>im·</span> 
     </span>
     <span class='ocr_line' id='line_1_31' title="bbox 357 3506 1407 3595; baseline 0.002 -26"><span class='ocrx_word' id='word_1_211' title='bbox 357 3508 474 3570; x_wconf 86' lang='lat' dir='ltr'>merito</span> <span class='ocrx_word' id='word_1_212' title='bbox 510 3506 717 3591; x_wconf 77' lang='lat' dir='ltr'>infligendis:</span> <span class='ocrx_word' id='word_1_213' title='bbox 756 3506 802 3570; x_wconf 81' lang='lat' dir='ltr'>itu</span> <span class='ocrx_word' id='word_1_214' title='bbox 838 3513 947 3572; x_wconf 70' lang='lat' dir='ltr'>temen</span> <span class='ocrx_word' id='word_1_215' title='bbox 983 3509 1070 3592; x_wconf 87' lang='lat' dir='ltr'>quod</span> <span class='ocrx_word' id='word_1_216' title='bbox 1105 3509 1215 3572; x_wconf 90' lang='lat' dir='ltr'>nullus</span> <span class='ocrx_word' id='word_1_217' title='bbox 1251 3508 1407 3595; x_wconf 76' lang='lat' dir='ltr'>Magister</span> 
     </span>
     <span class='ocr_line' id='line_1_32' title="bbox 358 3608 1410 3697; baseline 0.004 -28"><span class='ocrx_word' id='word_1_218' title='bbox 358 3608 544 3692; x_wconf 88' lang='lat' dir='ltr'>hujusmodi</span> <span class='ocrx_word' id='word_1_219' title='bbox 577 3609 793 3672; x_wconf 87' lang='lat' dir='ltr'>convictionis</span> <span class='ocrx_word' id='word_1_220' title='bbox 826 3631 900 3673; x_wconf 84' lang='lat' dir='ltr'>reus</span> <span class='ocrx_word' id='word_1_221' title='bbox 934 3616 1111 3689; x_wconf 82' lang='lat' dir='ltr'>censentur,</span> <span class='ocrx_word' id='word_1_222' title='bbox 1144 3610 1324 3675; x_wconf 91' lang='lat' dir='ltr'>dummodo</span> <span class='ocrx_word' id='word_1_223' title='bbox 1353 3632 1410 3697; x_wconf 85' lang='lat' dir='ltr'>per</span> 
     </span>
     <span class='ocr_line' id='line_1_33' title="bbox 355 3710 1409 3797; baseline 0.005 -25"><span class='ocrx_word' id='word_1_224' title='bbox 355 3711 526 3776; x_wconf 89' lang='lat' dir='ltr'>duodecim</span> <span class='ocrx_word' id='word_1_225' title='bbox 553 3710 728 3797; x_wconf 83' lang='lat' dir='ltr'>Magistros</span> <span class='ocrx_word' id='word_1_226' title='bbox 751 3731 857 3775; x_wconf 82' lang='lat' dir='ltr'>comm</span> <span class='ocrx_word' id='word_1_227' title='bbox 882 3711 1083 3777; x_wconf 82' lang='lat' dir='ltr'>Cancellmio</span> <span class='ocrx_word' id='word_1_228' title='bbox 1106 3717 1141 3776; x_wconf 87' lang='lat' dir='ltr'>et</span> <span class='ocrx_word' id='word_1_229' title='bbox 1162 3712 1268 3778; x_wconf 80' lang='lat' dir='ltr'>altero</span> <span class='ocrx_word' id='word_1_230' title='bbox 1293 3713 1409 3778; x_wconf 89' lang='lat' dir='ltr'>Procu-</span> 
     </span>
     <span class='ocr_line' id='line_1_34' title="bbox 354 3813 1408 3899; baseline 0.001 -21"><span class='ocrx_word' id='word_1_231' title='bbox 354 3820 499 3878; x_wconf 82' lang='lat' dir='ltr'>ratorum</span> <span class='ocrx_word' id='word_1_232' title='bbox 520 3813 650 3899; x_wconf 84' lang='lat' dir='ltr'>juratos</span> <span class='ocrx_word' id='word_1_233' title='bbox 670 3835 704 3878; x_wconf 89' lang='lat' dir='ltr'>se</span> <span class='ocrx_word' id='word_1_234' title='bbox 731 3814 943 3899; x_wconf 80' lang='lat' dir='ltr'>purgaverit3</span> <span class='ocrx_word' id='word_1_235' title='bbox 967 3836 1004 3879; x_wconf 82' lang='lat' dir='ltr'>ac</span> <span class='ocrx_word' id='word_1_236' title='bbox 1030 3816 1130 3880; x_wconf 85' lang='lat' dir='ltr'>etium</span> <span class='ocrx_word' id='word_1_237' title='bbox 1155 3815 1269 3880; x_wconf 88' lang='lat' dir='ltr'>nullus</span> <span class='ocrx_word' id='word_1_238' title='bbox 1286 3816 1408 3880; x_wconf 79' lang='lat' dir='ltr'>Beche-</span> 
     </span>
     <span class='ocr_line' id='line_1_35' title="bbox 353 3915 1406 4006; baseline 0.007 -28"><span class='ocrx_word' id='word_1_239' title='bbox 353 3915 461 3993; x_wconf 84' lang='lat' dir='ltr'>lnrius,</span> <span class='ocrx_word' id='word_1_240' title='bbox 478 3923 538 3981; x_wconf 87' lang='lat' dir='ltr'>sut</span> <span class='ocrx_word' id='word_1_241' title='bbox 562 3917 646 3981; x_wconf 86' lang='lat' dir='ltr'>alius</span> <span class='ocrx_word' id='word_1_242' title='bbox 669 3917 946 4003; x_wconf 81' lang='lat' dir='ltr'>non-graduatus‚</span> <span class='ocrx_word' id='word_1_243' title='bbox 969 3917 1154 4002; x_wconf 86' lang='lat' dir='ltr'>hujusmodi</span> <span class='ocrx_word' id='word_1_244' title='bbox 1180 3938 1289 4004; x_wconf 76' lang='lat' dir='ltr'>poense</span> <span class='ocrx_word' id='word_1_245' title='bbox 1313 3938 1406 4006; x_wconf 84' lang='lat' dir='ltr'>pecu·</span> 
     </span>
     <span class='ocr_line' id='line_1_36' title="bbox 352 4018 1409 4109; baseline 0.001 -27"><span class='ocrx_word' id='word_1_246' title='bbox 352 4018 469 4084; x_wconf 65' lang='lat' dir='ltr'>nimiae¹</span> <span class='ocrx_word' id='word_1_247' title='bbox 507 4021 552 4083; x_wconf 88' lang='lat' dir='ltr'>sit</span> <span class='ocrx_word' id='word_1_248' title='bbox 588 4042 671 4098; x_wconf 85' lang='lat' dir='ltr'>reus,</span> <span class='ocrx_word' id='word_1_249' title='bbox 711 4019 889 4084; x_wconf 88' lang='lat' dir='ltr'>dummodo</span> <span class='ocrx_word' id='word_1_250' title='bbox 929 4042 988 4104; x_wconf 82' lang='lat' dir='ltr'>per</span> <span class='ocrx_word' id='word_1_251' title='bbox 1026 4020 1190 4085; x_wconf 83' lang='lat' dir='ltr'>sexdecim</span> <span class='ocrx_word' id='word_1_252' title='bbox 1228 4021 1409 4109; x_wconf 82' lang='lat' dir='ltr'>grndustos</span> 
     </span>
    </p>
   </div>
   <div class='ocr_carea' id='block_1_15' title="bbox 353 4120 799 4207">
    <p class='ocr_par' dir='ltr' id='par_1_15' title="bbox 353 4120 799 4207">
     <span class='ocr_line' id='line_1_37' title="bbox 353 4120 799 4207; baseline 0.004 -24"><span class='ocrx_word' id='word_1_253' title='bbox 353 4121 505 4185; x_wconf 84' lang='lat' dir='ltr'>similiter</span> <span class='ocrx_word' id='word_1_254' title='bbox 527 4144 561 4185; x_wconf 85' lang='lat' dir='ltr'>se</span> <span class='ocrx_word' id='word_1_255' title='bbox 583 4120 799 4207; x_wconf 75' lang='lat' dir='ltr'>purgave1·it.⁰</span> 
     </span>
    </p>
   </div>
   <div class='ocr_carea' id='block_1_16' title="bbox 389 4471 1243 4692">
    <p class='ocr_par' dir='ltr' id='par_1_16' title="bbox 389 4471 1243 4692">
     <span class='ocr_line' id='line_1_38' title="bbox 390 4471 1243 4536; baseline 0.005 -17"><span class='ocrx_word' id='word_1_256' title='bbox 390 4474 394 4500; x_wconf 92' lang='lat'>¹</span> <span class='ocrx_word' id='word_1_257' title='bbox 408 4481 466 4532; x_wconf 61' lang='lat' dir='ltr'>mdo,</span> <span class='ocrx_word' id='word_1_258' title='bbox 480 4472 509 4521; x_wconf 71' lang='grc' dir='ltr'>(ἶ.</span> <span class='ocrx_word' id='word_1_259' title='bbox 944 4476 949 4501; x_wconf 92' lang='lat'><strong>¹</strong></span> <span class='ocrx_word' id='word_1_260' title='bbox 960 4475 1042 4536; x_wconf 73' lang='lat' dir='ltr'>porris</span> <span class='ocrx_word' id='word_1_261' title='bbox 1055 4471 1097 4525; x_wconf 72' lang='lat' dir='ltr'>rel.</span> <span class='ocrx_word' id='word_1_262' title='bbox 1113 4474 1140 4520; x_wconf 84' lang='grc' dir='ltr'>Β.</span> <span class='ocrx_word' id='word_1_263' title='bbox 1152 4475 1203 4522; x_wconf 81' lang='lat' dir='ltr'>und</span> <span class='ocrx_word' id='word_1_264' title='bbox 1216 4476 1243 4523; x_wconf 89' lang='grc'>(“.</span> 
     </span>
     <span class='ocr_line' id='line_1_39' title="bbox 389 4551 1191 4621; baseline 0.002 -22"><span class='ocrx_word' id='word_1_265' title='bbox 389 4553 398 4580; x_wconf 88' lang='lat'>&#39;¹</span> <span class='ocrx_word' id='word_1_266' title='bbox 410 4560 543 4611; x_wconf 66' lang='lat' dir='ltr'>terreantur,</span> <span class='ocrx_word' id='word_1_267' title='bbox 563 4552 591 4599; x_wconf 82' lang='lat' dir='ltr'>B.</span> <span class='ocrx_word' id='word_1_268' title='bbox 882 4610 885 4621; x_wconf 90' lang='lat'>.</span> <span class='ocrx_word' id='word_1_269' title='bbox 942 4551 1095 4600; x_wconf 52' lang='lat' dir='ltr'>ntroin-ntor</span> <span class='ocrx_word' id='word_1_270' title='bbox 1108 4551 1149 4607; x_wconf 69' lang='lat' dir='ltr'>sel.</span> <span class='ocrx_word' id='word_1_271' title='bbox 1162 4553 1191 4601; x_wconf 84' lang='lat' dir='ltr'>C.</span> 
     </span>
     <span class='ocr_line' id='line_1_40' title="bbox 391 4628 1214 4692; baseline -0.004 -13"><span class='ocrx_word' id='word_1_272' title='bbox 391 4632 479 4685; x_wconf 66' lang='lat' dir='ltr'>&#39;lucin</span> <span class='ocrx_word' id='word_1_273' title='bbox 493 4632 521 4680; x_wconf 79' lang='grc'>(“.</span> <span class='ocrx_word' id='word_1_274' title='bbox 881 4636 884 4647; x_wconf 82' lang='grc'><em>’</em></span> <span class='ocrx_word' id='word_1_275' title='bbox 939 4629 1065 4692; x_wconf 72' lang='lat' dir='ltr'>⁶puryurc</span> <span class='ocrx_word' id='word_1_276' title='bbox 1073 4630 1171 4691; x_wconf 72' lang='lat' dir='ltr'>poterit.</span> <span class='ocrx_word' id='word_1_277' title='bbox 1183 4628 1214 4676; x_wconf 88' lang='lat' dir='ltr'>B.</span> 
     </span>
    </p>
   </div>
   <div class='ocr_carea' id='block_1_17' title="bbox 0 0 1550 5490">
    <p class='ocr_par' dir='ltr' id='par_1_17' title="bbox 0 0 1550 5490">
     <span class='ocr_line' id='line_1_41' title="bbox 0 0 1550 5490; baseline 0 0"><span class='ocrx_word' id='word_1_278' title='bbox 0 0 1550 5490; x_wconf 95' lang='lat' dir='ltr'> </span> 
     </span>
    </p>
   </div>
  </div>
 </body>
</html>
