3036 5468
321 109 418 161 nrum
440 109 672 163 umcnmnnn
694 115 738 164 ur
758 114 1045 169 mooumrosunn
1150 107 1213 173 193

157 279 326 347 interdicti
346 285 530 351 sententias
551 306 612 351 nos
634 290 670 352 et
697 308 894 355 successores
915 289 1029 369 nostri,
1051 288 1110 355 ac¹
1134 290 1215 381 villa

156 384 190 447 ct
216 385 440 451 communitas
468 386 629 453 laicorum
658 390 902 475 praedictorum,
936 391 1142 457 incurramus
1179 397 1215 458 et

154 479 372 563 incurremus,
401 492 438 553 ct
470 487 654 567 incurrant,
677 491 707 553 si
739 497 821 569 tum,
848 491 978 578 quoties
1008 496 1044 557 et
1073 492 1214 578 qnando,

153 585 325 669 praemissa
356 609 426 653 non
457 589 750 668 observaverimus,
772 612 831 656 seu
858 613 926 657 non
956 592 1213 671 observaverint,

138 688 189 754 ,ct
217 687 321 752 ctiam
352 688 525 775 quodlibet
553 692 752 769 eorumdem,
781 713 838 757 seu
875 694 904 757 si
941 699 1056 759 contra
1092 715 1132 759 eu
1160 695 1215 759 vel

151 804 269 853 eorum
301 788 439 876 aliquod
472 793 661 857 venerimus
692 794 747 858 vel
769 793 948 873 fecerimus,
971 801 1031 860 aut
1061 795 1214 861 venerint

150 909 209 955 seu
243 888 385 956 fecerint
418 892 535 959 illicite
566 894 790 980 quovismodo,
825 895 995 981 dictasque
1033 897 1214 962 sententias

150 994 503 1059 excommunicationis
524 1000 560 1061 et
591 996 769 1076 interdicti,
804 1018 878 1061 cum
911 997 1047 1083 prolatas
1079 997 1212 1077 fuerint,

149 1114 189 1158 ac
226 1116 397 1181 processus
433 1096 517 1162 alios
544 1097 710 1183 legitimos
737 1098 772 1161 in
804 1097 863 1163 bac
899 1103 992 1185 parte
1021 1099 1065 1163 ad
1093 1099 1214 1164 secud-

150 1199 259 1261 tatem
282 1198 373 1284 pacis
395 1202 430 1263 et
464 1197 605 1264 aliorum
635 1199 868 1286 praedictorum
898 1221 957 1286 per
986 1200 1113 1267 dictum
1136 1199 1214 1286 Epi-

150 1318 288 1385 scopum
322 1299 495 1365 dominnm
525 1301 685 1377 facienda,
708 1301 840 1367 nomine
862 1308 974 1367 nostro
996 1303 1213 1384 admittendo,

149 1401 362 1488 acceptando,
386 1407 422 1467 et
444 1402 543 1467 etiam
567 1401 789 1489 approbando,
813 1408 848 1468 et
874 1404 915 1469 ds
937 1426 1004 1470 uon
1026 1404 1213 1470 rebellando

149 1522 211 1569 nec
243 1503 486 1569 contemnendo
519 1503 711 1588 hujusmodi
742 1505 923 1570 sententias
956 1527 1015 1571 scu
1036 1527 1212 1593 processus,

151 1604 209 1670 sed
232 1605 276 1670 dc
296 1606 444 1691 parendo
467 1605 592 1670 eisdem
615 1611 650 1671 ot
665 1606 869 1671 observando
891 1607 1020 1673 easdem
1035 1608 1072 1672 in
1087 1608 1213 1673 animas

151 1712 294 1787 nostras,
338 1706 528 1794 praestando
573 1707 759 1793 specialiter
804 1707 1040 1793 juramentum,
1086 1730 1210 1775 necnon

150 1809 289 1896 agendo,
329 1808 544 1887 defendendo,
579 1807 784 1894 excipiendo,
819 1810 1016 1895 replicando,
1051 1811 1212 1896 ponendo,

151 1908 397 1997 interrogando,
430 1909 651 1997 positionibus
673 1916 708 1976 et
738 1911 1051 1996 interrogationibus
1082 1933 1214 1997 respon-

150 2011 286 2090 dendo,⁸
309 2012 451 2077 crimina
477 2017 513 2077 et
544 2012 691 2077 defectus
719 2011 909 2096 objiciendo,
933 2019 978 2081 et,
998 2011 1133 2095 objectis
1164 2035 1213 2078 ro·

149 2114 357 2205 spondendo,
382 2114 504 2179 damna
534 2117 570 2179 et
604 2135 749 2201 expensa
777 2113 918 2201 petendo
951 2119 987 2179 et
1019 2113 1212 2199 recipiendo,

145 2215 363 2302 provocando
397 2222 433 2283 et
465 2215 671 2303 appellando,
705 2215 976 2303 provocationum
1011 2220 1045 2279 et
1070 2215 1212 2302 appella·

141 2322 285 2386 tionum
312 2340 426 2384 causas
455 2316 707 2406 prosequendo,³
732 2323 767 2383 et
798 2338 854 2382 ens
886 2317 1046 2393 omnibus,
1072 2338 1212 2402 quorum

136 2419 301 2499 interest,
322 2420 535 2498 notificando,
557 2421 661 2485 ulium
693 2441 750 2485 seu
783 2419 865 2485 alios
887 2423 1129 2507 procuratorem
1158 2421 1213 2486 vel

133 2527 380 2612 procuratores
416 2522 455 2587 in
487 2522 560 2588 loco
590 2543 702 2587 eorum
732 2521 869 2587 alterius
897 2521 1140 2602 substituendo,
1177 2527 1213 2589 et

130 2625 424 2696 substituendum
447 2647 506 2690 seu
540 2623 790 2689 substituendos
812 2622 857 2689 ab
879 2623 1001 2691 ebdom
1022 2623 1079 2690 vel
1100 2644 1212 2691 eorum

129 2732 257 2797 altero
279 2726 473 2805 revocando,
498 2730 533 2791 et
555 2725 775 2812 procuratoris
797 2724 940 2791 officium
971 2726 1210 2805 reassumendo,

128 2830 284 2919 quoties
308 2834 343 2893 et
368 2827 502 2913 qnando
522 2826 571 2892 eis
592 2827 648 2892 vel
670 2844 783 2892 eorum
805 2826 902 2892 alteri
922 2826 1090 2892 videbitur
1115 2848 1212 2914 expe·

129 2936 229 3010 dire,
269 2950 397 2995 necnon
436 2928 571 2995 omnia⁴
607 2929 674 2993 aliu
711 2936 745 2994 et
782 2928 913 3015 singula
950 2928 1106 3006 iudendo,
1137 2950 1211 3015 qum

125 3030 314 3104 ooeasioni
343 3032 577 3118 praedictorum
601 3028 750 3095 fuerint³
779 3029 936 3108 facienda,
965 3038 1000 3095 et
1029 3032 1211 3096 necessaria

126 3156 206 3205 neu
237 3133 488 3221 quomodolibet
518 3138 712 3220 opportuna,
743 3138 777 3197 et
807 3154 881 3216 quas
903 3154 962 3219 per
987 3153 1083 3197 veros
1106 3137 1140 3195 et
1166 3132 1210 3197 le·

126 3240 287 3328 gitimos
324 3242 551 3322 procuratores
580 3257 637 3301 seu
667 3242 910 3322 procuratorem
947 3233 1021 3298 fieri
1050 3240 1208 3318 poterunt

126 3358 205 3408 seu
227 3337 388 3424 expediri,
410 3339 511 3403 etiam
534 3338 563 3402 si
585 3337 780 3401 mandatum
795 3336 931 3420 exigant
954 3333 1097 3420 speciale
1144 3334 1208 3401 Pro

128 3440 269 3509 iisdem
298 3439 403 3505 vero⁰
440 3439 706 3526 procuratoribus
742 3437 862 3503 nostris
891 3443 925 3502 et
955 3457 1066 3501 eorum
1104 3434 1208 3503 altero
1247 3500 1250 3505 .

129 3541 391 3611 substituendis
424 3564 484 3608 seu
513 3541 746 3608 substituendo
779 3538 822 3604 ab
859 3539 980 3605 ebdom
1013 3538 1065 3604 vol
1095 3560 1208 3606 eorum

182 3874 189 3903 ¹
203 3880 238 3933 ut,
250 3873 351 3923 instead
361 3873 392 3922 of
405 3889 444 3933 ue,
456 3872 489 3922 D.
738 3872 744 3898 ¹
756 3868 787 3917 Β.
799 3868 890 3917 inuras
900 3874 931 3917 et.

181 3951 402 4018 'impudentium
413 3952 444 4001 B.
736 3948 863 4011 ‘sumunt
874 3946 906 3997 l).

183 4032 193 4059 ³
199 4029 400 4095 prosequendum,
412 4030 444 4081 B.
735 4029 745 4055 ⁸
756 4026 786 4075 B.
799 4026 873 4075 omiu
885 4040 947 4075 ocra

1050 4114 1075 4163 N
