3090 5490
299 705 392 757 meru
415 702 643 758 caueamur
667 707 709 756 nr
730 706 1019 760 rsocnnaronnu.
1135 696 1177 759 25

139 878 304 945 batoribus
325 880 415 967 pacis
437 886 471 946 et
492 880 633 968 publicis
657 881 852 946 tabernariis
874 886 909 945 et
925 881 1096 947 utentibus
1110 885 1181 946 arte
1194 900 1376 1003 3355an

139 991 153 1016 ‘¹
162 981 340 1050 botehcriae
350 982 367 1008 ”
390 1006 428 1050 ao
443 983 649 1050 mulierculas
665 985 700 1048 in
715 983 850 1050 cameris
866 985 934 1049 suis
949 982 1181 1063 detinentibus,
1195 982 1388 1196 ff'ssgff'·

138 1194 246 1253 sutem
268 1189 330 1255 hoc
352 1188 450 1255 modo
475 1190 544 1267 fiat,
577 1189 733 1256 videlicet
756 1194 798 1254 ut
823 1188 935 1256 subito
961 1193 996 1255 et
1019 1190 1103 1255 clem
1125 1209 1184 1276 per
1195 1203 1321 1299 gfflffi

139 1289 378 1357 cancellarium
409 1291 582 1357 ordinetur
604 1291 645 1358 de
668 1314 727 1359 rex
754 1291 844 1372 locis,
865 1293 909 1357 ud
935 1314 1009 1378 quae
1041 1291 1182 1378 [omnes]

138 1394 303 1463 Scholares
317 1398 441 1484 pariter
455 1405 489 1464 et
505 1398 695 1485 Scriptores,
712 1405 782 1464 tarn
797 1397 884 1464 infra
898 1419 1010 1464 muros
1033 1420 1132 1485 quam
1147 1397 1182 1461 in

137 1501 297 1578 suburbio,
313 1507 383 1567 tam
409 1501 445 1566 in
467 1501 564 1567 Aulis
593 1524 692 1589 quam
722 1501 758 1566 in
780 1502 915 1568 cameris
938 1507 1182 1577 commorantes,

140 1605 337 1670 commodius
367 1604 496 1692 possint
529 1605 704 1684 confluere,
742 1610 777 1671 et
807 1605 844 1669 in
874 1603 1023 1692 quolibet
1051 1604 1182 1670 illorum

139 1705 278 1773 locorum
292 1706 494 1794 deputentur
508 1707 719 1795 inquisitores
731 1732 739 1788 3
761 1729 847 1772 unus
862 1706 1052 1794 Theologus
1066 1707 1185 1773 Decre-

141 1807 224 1888 tissa,
240 1807 295 1873 vel
309 1809 332 1873 J
334 1808 440 1873 urista
453 1829 610 1874 unacum
625 1808 753 1875 duobus
768 1807 914 1886 Antistis,
930 1808 988 1895 qui
1010 1807 1185 1896 diligenter

138 1915 320 1976 scrutentur
350 1915 431 1977 vote
468 1912 681 1998 singulorum,
710 1918 758 1990 ut,
783 1933 858 1998 quse
891 1911 926 1976 in
965 1911 1183 1998 inquisitione

140 2010 320 2097 hujusmodi
335 2013 534 2093 invenerint,
558 2014 701 2080 fideliter
716 2014 917 2080 cancellario
940 2013 1118 2095 insinuent,
1146 2020 1183 2081 ut

141 2134 228 2202 super
249 2116 311 2182 hoc
334 2117 385 2181 sui
408 2116 504 2182 officii
527 2117 677 2182 debitum
700 2123 911 2204 exsequatur.

234 2369 286 2434 De
310 2367 480 2455 Theolopia
504 2367 728 2437 licentioudc's
751 2368 798 2435 ool
819 2367 1076 2454 incipiendum.
1244 2400 1278 2452 A.
1294 2407 1348 2452 100,

176 2505 308 2572 Statuit
348 2505 559 2571 Universitas
599 2503 805 2581 Oxoniensis,
847 2511 892 2582 et,
942 2505 971 2570 si
1017 2508 1178 2570 statutum
1244 2469 1327 2587 ἐπ’

139 2606 238 2686 fuerit,
279 2608 398 2673 iterato
434 2629 592 2674 consensu
632 2607 823 2673 corroborat
867 2608 956 2692 qnod
993 2607 1104 2672 nullus
1144 2606 1181 2670 in
1223 2600 1292 2652 M)-
1306 2606 1377 2652 ¹2⁵2·

140 2711 245 2776 eadem
285 2709 513 2777 Universitate
550 2709 690 2796 incipiat
727 2708 763 2774 in
799 2708 964 2795 theologia
993 2707 1059 2773 nisi
1091 2707 1181 2794 prius
1193 2691 1406 2785 hlfflfflhbg,

137 2813 255 2879 rexerit
276 2813 313 2880 in
335 2812 464 2878 artibus
485 2814 523 2878 in
537 2813 649 2898 alique
671 2812 908 2888 Universitate,
931 2819 965 2876 et
984 2809 1050 2875 nisi
1065 2809 1181 2896 legerit
1193 2792 1372 2895 {ffipufsslfflss

137 2914 274 3002 aliquem
296 2915 418 2980 librum
441 2916 481 2981 de
504 2936 627 2981 cunone
651 2915 769 2980 Bibliae
792 2913 846 2979 vel
866 2913 989 2979 librum
1012 2911 1180 2978 Sententi·
1193 2891 1404 2988 mmm

136 3039 223 3083 arum
238 3017 295 3083 vel
318 3017 550 3095 Historiarum,
563 3022 599 3084 et
613 3016 841 3103 praedioaverit
862 3015 992 3103 publice
1007 3013 1181 3081 Universi-
1193 2994 1405 3096 immi„

136 3120 202 3199 uti,
235 3119 329 3185 solvo
370 3120 570 3188 Cancellario
608 3125 643 3186 et
690 3118 912 3186 Universitati
947 3117 1181 3204 Magistrorum
1193 3094 1405 3198 ildlfflff

137 3227 295 3308 potestate
332 3224 474 3309 gratiam
520 3221 709 3309 hujusmodi
766 3221 929 3287 defectum
977 3219 1181 3307 patientibus
1193 3195 1406 3298 ffiliaillti‘ffli

135 3324 277 3404 faciendi,
300 3346 375 3392 cum
401 3325 524 3391 viderit
557 3322 730 3413 expedire.¹
779 3324 815 3389 Si
846 3323 919 3409 quis
941 3326 1054 3387 autem
1085 3297 1322 3408 superttllldt
1343 3309 1394 3389 Ἥ

136 3424 190 3494 hoc
221 3429 365 3516 gratim
399 3451 458 3516 per
491 3428 677 3515 potentiam
709 3425 887 3514 superioris
922 3423 1114 3510 cujusquam
1138 3423 1180 3488 ab
1192 3395 1388 3501 ffiffla‘lfl'

137 3526 361 3597 Universitate
375 3537 511 3596 conetur
533 3530 753 3616 extorquere,⁹
777 3529 849 3615 ipso
872 3527 959 3594 facto
982 3550 1003 3591 a
1024 3496 1404 3642 societateli'liirii‘irlragdi(¹

137 3629 365 3720 Magistrorum
395 3639 430 3700 et
459 3633 641 3722 privilegiis
675 3630 915 3697 Universitatis
937 3629 1088 3717 privatus
1123 3649 1179 3693 ex·
1192 3599 1376 3704 linityimm'

137 3730 233 3803 istet³

176 3968 221 4036 lu
245 3971 322 4056 fine
351 3970 587 4038 concursator·
620 3965 880 4036 subscribentes*
924 3968 1060 4033 Actum·
1086 3986 1179 4032 cuno

142 4064 279 4140 Domini
293 4073 475 4140 cathamo
490 4071 714 4140 ducentesimo
730 4068 1010 4159 quinquepesdnw
1025 4068 1179 4151 secundo,

145 4192 243 4242 cuneo
264 4176 398 4256 Martii,
423 4177 479 4243 die
502 4176 589 4244 beati
612 4174 774 4262 Gaepntt

173 4399 365 4467 'Atthispoint
381 4401 535 4453 thiaetmnte
554 4400 582 4452 ln
598 4401 633 4457 Α.
713 4397 799 4452 ⁸This
814 4400 1086 4452 lastcluuscdoesuot
1104 4413 1180 4450 occur

148 4471 240 4530 ismuch
251 4481 412 4543 obliterated,
425 4480 553 4532 additions
568 4480 633 4532 have
679 4480 707 4531 in
719 4480 751 4532 B.
1143 4488 1149 4500 '

150 4551 192 4606 alto
201 4560 260 4610 been
271 4563 344 4612 made
355 4563 405 4613 and
417 4561 493 4627 again
504 4563 598 4614 erased.
712 4561 721 4590 ⁴
733 4560 774 4612 No
785 4576 872 4611 names
884 4571 926 4612 are
937 4554 1082 4610 subscribed
1098 4557 1124 4607 in
1136 4556 1178 4606 tlre

177 4635 329 4705 'extruunt
346 4640 380 4692 A.
679 4640 736 4694 MS.
