3090 5490
353 701 397 764 88
517 714 609 761 amm
631 712 858 763 cenomanen
882 716 924 763 m
946 716 1237 772 Psocuuerouma

352 892 535 982 profectum
553 887 699 975 ejusdem
721 889 758 953 in
775 889 1006 959 Universitate
1022 894 1166 963 oxonia
1187 901 1420 984 studentium,

352 1017 411 1083 per
456 991 625 1058 dominum
670 990 908 1059 Cancellarium
951 995 1092 1064 Oxoniae
1134 1003 1421 1092 venerabilesque

353 1097 508 1173 doctores,
531 1093 568 1157 in
590 1115 679 1160 sacra
701 1095 821 1182 pagina
849 1100 930 1163 tunc
955 1106 1117 1185 regentes,
1138 1125 1210 1169 una
1232 1127 1313 1172 cum
1338 1109 1421 1176 Pro·

353 1197 559 1266 curatoribus
574 1218 612 1261 ac
634 1217 692 1282 per
707 1198 866 1283 quosdam
881 1200 1040 1267 Doctores
1062 1209 1099 1268 et
1120 1205 1206 1271 alios
1222 1206 1419 1296 Magistros

355 1303 395 1368 de
418 1298 555 1386 singulis
580 1297 793 1364 facultatibus
824 1301 867 1366 ab
891 1300 1125 1370 Universitate
1155 1307 1338 1395 deputatos
1371 1314 1417 1379 ad

354 1406 415 1470 hoc
437 1401 627 1489 specialiter,
652 1402 722 1467 vice
753 1407 788 1467 et
811 1404 1007 1470 auctoritate
1033 1405 1131 1473 dictae
1157 1408 1416 1494 Universitatis,

353 1505 556 1573 unanimiter
577 1503 619 1568 ab
641 1504 763 1570 eisdem
786 1503 905 1585 acuit,
929 1506 1027 1573 modo
1049 1531 1116 1595 quo
1138 1512 1303 1596 sequitur,
1319 1516 1415 1584 ordi-

354 1617 489 1678 aotam.

129 1781 346 1885 {amplam
401 1775 451 1841 Ia
462 1770 594 1861 primic
609 1770 813 1854 ordinatum
826 1779 872 1839 cst
888 1774 977 1860 quod
990 1775 1027 1839 in
1043 1775 1205 1844 electione
1226 1782 1412 1869 cujuscum-

129 1882 329 1986 brglnnyefflbo
357 1901 419 1966 que
445 1876 531 1953 socii,
559 1875 602 1940 ad
627 1874 865 1960 eleemosynam
894 1897 953 1961 per
975 1877 1178 1944 antedictum
1208 1880 1411 1971 Magistrum

129 1945 345 2080 lilpgnggffl
355 1980 560 2046 wilelmum
580 1976 781 2062 assignatam
797 1976 1012 2056 Scholaribus,
1040 1979 1081 2044 de
1105 1988 1228 2049 eaearo
1250 1986 1411 2067 ,racana

130 2085 258 2139 merua.
356 2103 468 2149 omnes
490 2085 525 2145 et
547 2079 670 2164 singuli
693 2079 779 2155 socii,
802 2079 921 2165 quibus
943 2101 985 2144 ex
1009 2079 1219 2169 eleemosyna
1243 2089 1411 2156 ministm.

354 2191 412 2251 tur
437 2182 591 2268 ejusdem,
614 2185 649 2246 et
678 2181 735 2266 qui
765 2202 824 2267 pro
853 2184 1000 2268 tempore
1030 2183 1200 2252 electionis
1231 2201 1412 2276 praesentes

354 2287 486 2363 fuerint,
511 2283 634 2370 eligent
659 2283 729 2347 sine
759 2282 944 2369 acceptione
974 2285 1089 2370 patriae
1112 2288 1168 2352 vel
1195 2313 1410 2376 personarum

354 2390 463 2468 telem,
486 2408 583 2474 quem
609 2384 747 2450 credunt
769 2390 921 2449 ornatum
947 2386 1102 2466 moribus,
1131 2389 1169 2454 in
1190 2391 1411 2462 facultatibus

128 2498 325 2592 gammo
355 2513 530 2582 pauperem
561 2491 595 2554 et
624 2488 667 2552 al
696 2487 929 2574 proficiendum
964 2488 1000 2552 in
1032 2487 1191 2557 facultate
1225 2495 1412 2586 theologica

128 2599 324 2696 gfiplffihgogo
356 2596 460 2683 magis
483 2600 607 2681 aptum,
631 2590 758 2656 catoris
772 2611 850 2655 vero
871 2590 1013 2677 paribus,
1028 2592 1227 2661 ordinarunt
1243 2601 1335 2684 quod
1357 2602 1411 2668 ille

129 2701 286 2756 aptamus
355 2699 549 2787 praeferatur
578 2695 713 2771 casteria
736 2693 794 2780 qui
823 2694 864 2757 de
895 2694 1044 2780 partibus
1066 2694 1223 2765 Donelmi
1258 2704 1410 2790 proximo

355 2801 514 2868 oriundus
536 2797 660 2865 extitit.

128 2994 259 3040 marsuan
399 2971 563 3035 Electores
586 2987 663 3032 vero
689 2965 828 3031 electum
855 2984 958 3041 suum,
985 2985 1085 3048 quam
1112 2967 1212 3034 citius
1239 2979 1407 3059 potenmt,

127 3043 318 3189 {mahalom
355 3073 451 3137 dicta
475 3070 607 3134 domino
624 3067 822 3134 cancellario
837 3070 871 3130 a
886 3065 1083 3132 Doctoribus
1105 3089 1207 3136 sacra
1231 3075 1408 3166 theologia

128 3144 317 3240 &uppetona
356 3194 519 3240 unacum
544 3169 811 3235 Procuratoribus
835 3174 1045 3255 praesentent,
1070 3172 1127 3255 qui
1150 3174 1194 3238 ad
1223 3177 1408 3247 deliberan-

128 3244 287 3296 Divinitysnd
734 3271 741 3284 ·
900 3271 936 3285 ⁰·
986 3273 992 3285 ·
1113 3274 1120 3287 ·

128 3295 304 3390 phadalam&
356 3277 435 3341 dum
460 3276 501 3339 de
527 3275 629 3339 electo
656 3278 689 3336 et
713 3294 784 3356 eJus
810 3271 1057 3387 conditionibus
1088 3274 1230 3340 biduum
1263 3279 1408 3349 habeant

127 3394 344 3490 ajatmpwamn
355 3384 415 3444 aut
436 3377 592 3452 triduum,
607 3382 641 3439 et
656 3379 787 3446 extunc,
803 3380 904 3458 Juxta
919 3375 1132 3440 conscientias
1150 3399 1275 3459 eorum,
1300 3384 1406 3472 ipsum

128 3449 227 3552 &aar
245 3459 282 3491 Μ
356 3481 531 3567 reprobent
553 3478 607 3544 vel
632 3477 832 3555 admittunt3
866 3475 954 3560 quod
978 3476 1006 3540 si
1029 3479 1202 3565 contingat
1224 3483 1336 3570 ipsum
1366 3511 1406 3553 ex

357 3606 454 3649 causa
471 3582 620 3669 legitima
639 3578 814 3667 reprobari,
837 3578 959 3663 absque
983 3580 1073 3642 onmi
1096 3584 1239 3670 strepitu
1256 3589 1407 3673 judiciali

357 3685 507 3774 praedicti
529 3685 616 3764 socii,
635 3684 735 3771 juxta
766 3681 903 3745 formam
934 3702 998 3767 qua
1022 3682 1122 3769 prius,
1150 3685 1256 3753 alium
1283 3691 1407 3780 eligant

356 3790 426 3855 sine
448 3810 547 3854 mora.

129 3973 332 4077 mmm
402 3959 615 4027 Ord'iactam
640 3963 686 4021 cet
720 3955 820 4020 etiam
854 3954 942 4039 quod
975 3975 1086 4019 omnes
1120 3957 1200 4021 socii
1236 3961 1279 4027 de
1310 3965 1404 4031 domo

129 4037 319 4177 ffigssffffi
356 4065 492 4128 audiant
513 4061 709 4146 theologiam
729 4057 893 4136 continue,
910 4059 958 4121 ita
981 4058 1068 4142 quod
1090 4057 1189 4124 aliam
1211 4063 1402 4133 facultatem

129 4179 186 4224 uon.
356 4164 519 4229 audiendo
541 4183 609 4225 non
632 4160 842 4237 admisceant,
868 4159 932 4223 nisi
955 4158 991 4223 in
1018 4181 1138 4246 magna
1165 4167 1347 4247 vacatione,
1370 4176 1403 4235 et

356 4273 436 4330 tunc
458 4263 555 4327 liceat
583 4262 629 4325 cis
660 4261 773 4325 audire
803 4261 985 4339 decretales,
1014 4263 1042 4325 si
1065 4263 1242 4343 voluerint,
1267 4271 1322 4333 vel
1348 4271 1402 4337 de-

357 4373 451 4432 creta

129 4551 312 4607 uhoyshalllivo
403 4531 617 4602 occitania
637 4539 683 4600 est
703 4532 848 4619 ‘iccsupcc
863 4534 951 4619 quod
974 4535 1051 4598 socii
1073 4535 1171 4599 simul
1187 4547 1347 4606 maneant
1367 4545 1400 4607 in

130 4605 320 4658 togethcrinone
579 4638 585 4650 ,

130 4657 207 4701 noue
358 4662 424 4705 una
447 4637 552 4716 domo,
577 4642 625 4702 ita
646 4635 735 4723 quod
758 4635 873 4701 absens
897 4657 1102 4722 quocumque
1128 4637 1236 4706 colore
1261 4643 1298 4707 in
1325 4645 1401 4710 villa
