3036 5468
235 726 332 775 nrum
355 724 588 775 cauourrmnn
612 726 654 773 ur
678 724 970 774 rnoounsronmr.
1064 708 1124 777 271

65 922 212 980 annum,
244 901 484 985 leetiouumque
508 905 543 964 et
576 899 795 985 capitulorum
821 899 862 964 de
888 898 1064 985 temporali
1091 899 1127 961 in
1141 912 1345 1016 wlsslffihe

64 1002 237 1092 principio
261 1003 364 1088 ipsius
386 1000 524 1089 scriptis,
543 1002 642 1066 datus
657 1002 723 1066 fuit
739 1001 962 1067 Universitati
979 1001 1127 1078 Oxoniae,
1142 976 1255 1108 ffiffippn
1254 1013 1327 1109 {0⁸1³ss

65 1129 110 1171 ao
138 1114 308 1170 catenatus
338 1105 374 1168 in
400 1103 543 1168 cancello
570 1103 713 1169 ecelesiae
741 1105 853 1170 Beatae
879 1104 993 1169 Mariae
1017 1104 1053 1167 in
1078 1126 1129 1168 ea·
1142 1116 1304 1159 andProetou

67 1208 163 1283 dem,
189 1208 425 1291 ordinatusque
455 1206 498 1270 ad
523 1205 700 1291 jacendum
730 1207 852 1271 ibidem
883 1212 1041 1293 perpetuo
1071 1166 1299 1292 progppgippra
1307 1164 1327 1207 st

67 1332 140 1375 usu
165 1309 360 1395 supradicto,
384 1309 435 1373 ita
465 1308 553 1394 quod
583 1308 722 1395 singulis
751 1310 846 1373 annis
874 1308 1070 1375 Cancellarii
1098 1314 1132 1373 et

69 1414 328 1478 Procuratorum
357 1411 445 1475 visui
479 1417 692 1497 supponatur,
719 1433 779 1496 pro
809 1410 880 1495 ejus
911 1410 1025 1477 debita
1055 1432 1130 1476 con-

70 1515 263 1582 servatione
286 1515 329 1579 ad
353 1535 448 1578 usum
474 1513 707 1601 supradictum.

146 1736 448 1803 Iurrnrermrror
471 1753 515 1799 or
537 1752 561 1800 a
583 1752 755 1801 ruuvroos
778 1752 929 1803 srsrurn
951 1753 1066 1803 ruour

528 1837 681 1904 (airricus.l

122 1950 388 2037 Interpreteado
409 1951 618 2017 Universitas
642 1948 842 2037 Regentium
867 1957 901 2016 et
926 1950 1131 2039 Nou-regen·
1144 1962 1289 2067 mg:

72 2054 165 2118 tium
188 2050 380 2133 declaravit,
405 2053 492 2140 quod
514 2058 688 2130 statutum,
706 2075 771 2139 quo
792 2059 927 2119 cavetur
950 2056 1038 2140 quod
1059 2077 1129 2141 qur·
1143 2063 1308 2159 ‘'gnegffir.

72 2156 165 2221 libet
190 2154 349 2243 Magister
370 2178 485 2243 regens
511 2154 653 2244 gratiam
677 2160 860 2243 negaturus
885 2156 939 2221 vel
965 2178 1131 2223 concessu·
1144 2128 1343 2260 lssggfffflnd

74 2281 144 2335 rus,
162 2258 285 2344 absque
308 2260 398 2324 omni
424 2259 666 2346 comparatione
685 2259 741 2324 vel
764 2259 925 2325 relatione
948 2261 1066 2347 gretia>
1090 2260 1334 2369 adffiffilhirffl

74 2360 232 2447 gratiam,
249 2360 292 2424 ad
318 2360 474 2425 honorem
499 2359 741 2426 Universitatis
765 2360 956 2448 simpliciter
980 2368 1014 2428 et
1040 2364 1230 2428 abso-mrs-

75 2464 152 2527 lute
179 2462 318 2548 deneget
342 2462 396 2527 vel
418 2463 583 2542 concedat,
608 2462 785 2550 Magistros
802 2462 1042 2529 Universitatis
1067 2486 1132 2528 non

75 2564 206 2628 limitat
232 2586 291 2629 nee
314 2563 486 2652 restringit
512 2566 592 2651 quin
623 2566 748 2652 gratias
778 2567 820 2631 ab
846 2566 888 2630 iis
914 2566 1036 2653 petitas
1063 2588 1134 2652 poe·

76 2666 150 2732 sint
173 2664 273 2730 libere
300 2666 475 2731 concedere
501 2672 537 2733 et
560 2690 685 2755 negare,
714 2670 793 2733 dum
817 2674 930 2733 tamen
955 2669 1041 2755 ipsos
1065 2669 1135 2734 sine

76 2766 173 2834 omni
193 2767 352 2832 relatione
374 2775 408 2833 et
428 2771 670 2855 comparatione
690 2771 807 2857 gratiae
827 2770 870 2836 ad
890 2771 1042 2858 gratiam,
1058 2771 1135 2835 sim-

76 2868 214 2959 pliciter
240 2875 275 2934 et
299 2869 457 2951 absolute,
482 2893 550 2936 non
574 2872 758 2958 adjiciendo
789 2871 993 2939 conditiones
1024 2878 1135 2960 turpes

76 2970 136 3039 vel
159 2971 357 3049 inhonestas,
381 2972 546 3062 denegent
569 2975 623 3040 vel
647 2977 832 3041 concedant.

352 3196 496 3262 Doorou
519 3198 738 3264 Amuirnen's
766 3198 865 3266 ΟυΡ.1
1215 3180 1247 3229 Α·
1260 3185 1300 3229 ³⁵·

127 3320 237 3384 Aeaeo
266 3319 415 3386 Domini
437 3321 620 3388 oeilleeiuto
645 3323 981 3410 quadringentesimo
1005 3322 1134 3389 deodato
1176 3329 1242 3377 ΛΑ).
1259 3331 1328 3375 ¹⁴¹9·

78 3442 185 3498 norw,
214 3422 342 3487 mensis
367 3422 565 3490 Nouembris
588 3426 645 3491 die
671 3426 776 3507 tortio,
810 3428 851 3492 iu
881 3424 1135 3513 congregatione

79 3522 230 3589 solemni
252 3524 459 3609 Regeutium
482 3533 512 3592 et
534 3526 825 3613 Nou-regentium
855 3526 1025 3608 celebrato,
1049 3528 1133 3594 erir-

79 3632 170 3693 teate
195 3624 408 3693 Ooraoellorr'o
423 3628 591 3714 Magistro
613 3628 754 3696 Woltero
772 3630 925 3717 Treugoj,
950 3653 1053 3697 sooroe
1072 3654 1136 3717 pu-

79 3728 178 3815 ginoe
190 3727 383 3815 professore,
400 3731 687 3799 Procuratoribue
701 3756 776 3799 vero
791 3732 971 3818 Magistria
986 3732 1136 3798 Ricarrlo

81 3830 175 3896 Hert
198 3838 228 3896 et
256 3830 407 3899 Ricardo
429 3834 623 3915 Burnltom,
651 3834 746 3902 edite
787 3842 915 3901 uerunt
937 3840 1065 3901 statuto
1091 3857 1137 3899 ae-

80 3933 236 4023 quantia,
260 3956 298 3999 ea
320 3957 483 4004 consertae
506 3936 677 4004 ureoreimi
703 3937 990 4023 Nou-regentium
1018 3944 1047 4003 et
1069 3958 1138 4001 oru-

79 4036 192 4103 aiwm·
206 4034 429 4121 facultatum.

129 4152 217 4220 Cum
231 4177 335 4242 nuper
349 4157 529 4224 recolendae
545 4156 708 4224 memoriae
723 4155 833 4243 legum
844 4157 970 4222 Dootor
979 4156 1140 4246 Magister
1153 4174 1239 4235 norror
1249 4175 1366 4227 momen·

1154 4226 1222 4268 husin
1246 4226 1283 4267 bo-

81 4256 254 4323 Johannes
278 4258 453 4344 Aylemere
477 4258 702 4326 Universitati
727 4257 835 4325 multa
857 4258 945 4325 bona
968 4260 1137 4349 legaverit,
1153 4240 1343 4367 uumtlfflffih

80 4367 120 4427 et
138 4360 176 4425 in
194 4380 336 4446 perenne
351 4363 539 4429 memoriale
560 4360 793 4451 proprietatis⁹
808 4360 963 4447 ejusdem,
980 4365 1024 4429 ad
1040 4388 1136 4431 usum
1152 4338 1347 4425 ll'l'l'l'nltmn‘l

82 4462 294 4541 Omeellarii,
319 4466 377 4551 qui
414 4489 473 4554 pro
508 4473 656 4555 tempore
686 4466 796 4548 fixerit,
825 4468 932 4553 jocale
963 4468 1136 4555 quoddam,
1152 4425 1345 4521 {mira

94 4616 212 4625 ....--.-.
230 4618 237 4622 .

124 4688 132 4719 ¹
145 4687 187 4737 No
199 4687 254 4739 tide
265 4687 292 4738 in
304 4688 360 4740 MS.
617 4692 621 4759 Ι
668 4696 677 4724 ²
684 4694 841 4761 proprietati,
852 4693 908 4743 MS.
