3036 5468
300 730 397 781 nram
419 728 648 781 cnucmmmr
670 731 714 779 m
735 730 1024 784 rnocummnm
1124 720 1187 787 191

126 909 171 975 de
193 928 359 974 consensu
381 905 536 990 ejusdem,
557 905 593 968 in
624 903 772 990 personis
793 910 1043 990 procuratorum
1065 902 1190 994 ipsius¹

126 1010 391 1087 communitatis,
429 1031 504 1074 cum
547 1012 711 1093 potestate
749 1006 925 1073 sufficienti
957 1009 994 1074 in
1027 1032 1067 1076 ea
1098 1015 1194 1097 purte

124 1135 243 1181 coram
265 1112 363 1177 nobis
384 1109 654 1197 comparentium,
677 1109 761 1174 illud
783 1110 1000 1178 interdictum
1023 1113 1085 1177 sub
1105 1118 1196 1178 certa

126 1217 241 1282 forma
285 1214 445 1279 duximus
487 1211 715 1285 relaxandum,
758 1216 793 1277 et
831 1220 938 1279 certas
980 1214 1196 1301 poenitentum

125 1318 343 1406 injunximus
372 1315 480 1381 eidem
514 1314 743 1380 communitati
778 1336 838 1402 pro
880 1316 978 1382 dictis
1011 1317 1197 1382 excessibus

125 1419 346 1510 peragendas,
362 1439 444 1504 quus
466 1417 525 1482 diu
548 1417 715 1482 tenuimus
738 1417 774 1481 in
789 1416 970 1504 suspenso.⁹
992 1426 1029 1485 et
1049 1419 1194 1495 tandem,

125 1525 174 1590 ad
198 1520 397 1588 instantiam
420 1518 545 1585 domini
567 1520 673 1584 nostri
704 1519 804 1605 Regis
832 1525 868 1585 et
889 1520 1029 1586 aliorum
1058 1522 1197 1608 Magnu-

126 1634 246 1693 torum
256 1622 272 1661 ⁸
281 1628 318 1689 et
333 1620 550 1688 Praebtomm
564 1621 663 1707 hujus
677 1622 779 1709 regni,
794 1620 1018 1688 hmnilitatem
1032 1623 1196 1689 dictorum

127 1728 295 1793 laicorum
317 1730 353 1790 et
374 1745 489 1810 poenas
503 1722 586 1787 alias
609 1724 806 1809 temporales
819 1723 867 1788 eis
892 1724 1063 1811 impositas
1086 1730 1198 1791 atten-

128 1832 260 1905 dentes,
296 1828 402 1893 dictas
439 1825 654 1913 poenitentias
684 1831 756 1890 tum
786 1826 942 1891 duximus
971 1827 1197 1915 mitigandas⁴

129 1928 403 2019 comparentibus
440 1933 576 2015 propter
605 1927 676 1993 haec
705 1949 814 1992 coram
844 1928 940 1993 nobis
971 1928 1117 1995 Roberto
1155 1930 1197 1995 de

131 2033 291 2100 Halunte
313 2037 348 2095 et
375 2028 517 2095 Ricardo
540 2029 581 2094 do
601 2028 765 2095 Garstono
787 2029 1075 2120 comburgensibus
1097 2032 1197 2099 dictu

130 2136 236 2213 villae,
260 2154 402 2221 quorum
424 2132 599 2220 potestatis
622 2137 717 2197 tenor
738 2132 817 2198 talis
839 2141 889 2200 cst
904 2159 958 2199 :-

133 2462 216 2527 'l'nu
240 2474 336 2525 nonu
359 2474 404 2522 or
424 2472 495 2520 run
518 2470 740 2520 russanum
762 2470 809 2520 nr
822 2472 943 2522 wurcn
965 2474 1036 2523 run
1057 2456 1197 2523 Towus-

389 2575 464 2623 uns
486 2573 584 2622 nanu
605 2574 714 2623 ruma
735 2574 949 2625 susurssrou.

183 2740 304 2805 Pateat
340 2735 503 2802 universis
540 2756 599 2823 per
635 2741 814 2823 praesentes
851 2737 939 2823 quod
976 2758 1044 2815 nos,
1082 2738 1198 2825 Major,
1211 2764 1350 2819 mancos

135 2843 273 2919 Ballivi,
287 2840 501 2917 habitatores,
525 2844 560 2905 et
583 2844 658 2904 tota
680 2839 900 2904 communitas
926 2839 1084 2905 laicorum
1108 2841 1199 2909 villa
1211 2798 1417 2920 {ddffdoidxcru

135 2946 291 3024 Oxoniae,
309 2941 547 3008 Lincolniensis
562 2940 720 3021 dioeccsis,
737 2938 928 3009 dilectos⁶.
965 2992 974 3009 .
1010 2944 1141 3009 ‚nobis
1162 2946 1199 3010 in
1211 2918 1425 3013 &lllll‘ia'bffl

135 3049 275 3117 Christo
299 3046 481 3111 Robertum
497 3045 537 3110 de
561 3044 712 3109 Hafunte
728 3050 762 3110 et
778 3044 954 3110 Ricardum
971 3046 1012 3111 de
1027 3046 1199 3119 Garstone,
1211 3018 1386 3123 illimis

134 3151 390 3236 comburgenses
427 3154 564 3225 nostros,
602 3151 829 3234 procmctores
867 3155 997 3215 nostros
1033 3170 1129 3216 veros
1165 3121 1382 3225 etllffililil

133 3253 305 3342 legitimos
327 3251 525 3330 ordinemne,
548 3249 694 3327 facimus,
721 3254 757 3316 et
779 3251 1012 3316 constituimus
1035 3274 1094 3338 per
1115 3222 1376 3341 prm-iiiiiinliffl

135 3362 273 3435 sentes3
295 3354 413 3419 dantes
451 3358 485 3417 et
522 3352 736 3418 concedentes
773 3351 896 3418 eisdem
934 3355 1199 3439 procuratoribus
1211 3324 1322 3428 mid
1322 3336 1352 3419 ic
1360 3385 1414 3425 mas

135 3458 271 3537 nostris,
285 3463 320 3522 et
344 3477 458 3521 eorum
477 3454 618 3541 utrique,
635 3458 834 3541 potestatem
858 3456 1029 3541 specialem
1049 3462 1084 3523 et
1107 3425 1418 3523 man-sanctornm,

136 3564 256 3628 dutum
282 3558 435 3645 generale
459 3557 591 3622 nominc
617 3562 730 3622 nostro
756 3557 942 3643 specialiter
967 3560 1200 3645 comparendi⁰

135 3685 249 3731 coram
276 3660 456 3727 reverendo
486 3660 522 3723 in
550 3660 683 3725 Christo
721 3666 815 3745 patre
840 3666 874 3726 et
899 3661 1040 3739 domino,
1066 3662 1199 3728 domino

136 3768 161 3834 J
164 3766 296 3832 ohanne
327 3762 392 3828 Dei
421 3762 529 3849 gratia
559 3761 781 3827 Lincolniensi
804 3762 973 3849 Episcopo,
1004 3762 1199 3829 Dioecesano

135 3872 263 3943 nostro,
289 3869 324 3930 et
347 3863 578 3951 poenitentiam
601 3863 696 3928 nobis
718 3862 954 3951 injungendam
978 3885 1036 3951 per
1057 3865 1198 3929 eundem

135 3968 357 4038 reverendum
380 3971 508 4054 patrem
534 3986 593 4053 pro
617 3966 811 4042 excessibus,
836 3971 969 4053 propter
992 3988 1075 4052 quos
1096 3967 1200 4031 inter-

138 4075 268 4140 dictum
306 4071 343 4135 in
379 4070 494 4135 villam
532 4075 566 4135 et
603 4071 874 4136 communitatem
916 4069 1072 4136 laicorum
1110 4070 1201 4137 villae

1049 4262 1120 4269 --—

178 4371 226 4423 1Β.
235 4372 296 4420 adds
308 4369 483 4419 Uniuersitatis
492 4367 555 4418 aster
565 4368 649 4432 ι’ρείιιε,
671 4380 675 4427 ¹,
728 4370 738 4398 '²
749 4368 868 4433 (impenso,
879 4369 909 4420 B.

143 4450 201 4500 The
220 4450 375 4500 transcriber
393 4449 439 4498 has
450 4463 484 4497 no
496 4448 574 4496 doubt
593 4462 651 4510 sup
672 4430 675 4515 l
729 4447 902 4513 'blaccatum
914 4449 945 4498 B.
958 4451 1008 4499 and
1019 4449 1052 4499 D.

142 4533 222 4593 posed
243 4530 299 4580 that
315 4528 359 4578 the
378 4530 447 4577 word
466 4534 651 4592 procuratorum
731 4528 914 4594 *ruitiyondum
927 4529 957 4577 B.

143 4618 231 4658 meunt
253 4609 296 4658 the
318 4608 437 4657 Proctors
464 4607 495 4657 of
517 4606 561 4656 the
588 4606 652 4656 Uni·
730 4606 1144 4659 *manducabamus

143 4688 249 4752 versity.
730 4686 941 4751 ‘comparendum
952 4687 983 4737 B.
