3036 5468
348 680 414 744 202
515 693 609 745 amur
631 690 861 743 omentum
884 693 926 742 rr
948 692 1238 746 rnocunsrosuu

348 869 590 935 Universitatis
614 868 822 952 Oxoniensis,
845 875 881 936 et
905 873 978 936 tota
1000 869 1213 937 Universitas
1236 873 1410 958 praedicta,

347 972 486 1038 salutem
509 973 546 1036 in
570 972 722 1037 Domino.

117 1129 309 1235 fflffisstr
393 1118 485 1183 Licet
506 1118 614 1203 Major
636 1122 670 1182 et
693 1116 817 1183 Ballivi
832 1117 923 1183 villae
940 1116 1147 1196 Oxoniensis,
1162 1123 1196 1183 et
1218 1124 1295 1185 tota
1319 1141 1410 1186 oom-

119 1232 313 1337 fflffiffissuffiat
347 1220 492 1286 munitae
524 1219 670 1305 ejusdem
693 1219 791 1299 villae,
815 1224 850 1285 et
884 1241 1080 1284 successores
1112 1220 1173 1298 sui,
1197 1221 1296 1286 nobis
1321 1222 1410 1290 Oun-

120 1333 293 1436 gffifflo
347 1322 477 1388 cellario
508 1326 543 1387 et
576 1321 847 1387 Procuratoribus
871 1322 1111 1388 Universitatis
1136 1324 1348 1407 OxoniensiS,
1373 1333 1409 1392 et

118 1434 214 1528 ffiall
235 1445 313 1528 2¹1ng
346 1425 585 1490 successoribus
607 1424 735 1503 nostris,
753 1429 787 1489 et
803 1422 1027 1489 Universitati
1042 1425 1217 1511 praedictae,
1234 1426 1272 1489 in
1289 1448 1409 1514 perpe-

314 1517 321 1536 ι
1398 1519 1414 1549 0

135 1535 322 1629 effigffitssn
347 1533 444 1592 tuum
479 1527 669 1614 obligentur
704 1528 740 1590 in
775 1532 909 1591 centurn
947 1526 1065 1591 marcis
1102 1527 1206 1591 annui
1242 1529 1407 1608 redditus

118 1635 335 1730 fflissllffih‘f
346 1629 512 1695 solvendis
545 1629 634 1716 apud
663 1628 828 1695 oxoniam
860 1628 1035 1692 annuatim
1063 1628 1098 1692 in
1121 1628 1267 1694 Ecclesia
1290 1631 1407 1697 Beatae

119 1736 293 1840 Qfflffin
346 1731 462 1798 Mariae
496 1733 532 1796 iu
566 1731 649 1798 festo
683 1730 714 1795 S.
739 1730 949 1796 Scholasticae
973 1729 1132 1817 Virginis,
1164 1753 1224 1817 pro
1257 1733 1405 1819 quadam

118 1837 242 1931 mugi
345 1835 438 1899 finali
461 1833 633 1900 eoncordia
654 1832 827 1898 nobiscum
849 1832 938 1897 facta
959 1853 1057 1918 super
1080 1833 1221 1918 quodam
1244 1834 1406 1902 conflictu

116 1939 235 2033 gemet
251 1961 318 2033 sino
345 1937 434 2002 inter
456 1938 588 2002 clericos
611 1940 646 2000 et
668 1936 765 2000 laicos
788 1934 825 1999 in
847 1935 928 1999 villa
949 1934 1108 2021 praedicta
1129 1957 1235 2023 nuper
1256 1938 1405 2018 suborto,

117 2039 326 2143 fflnfflffil
346 2046 445 2127 prout
468 2040 504 2103 in
525 2040 672 2125 ipsorum
696 2038 817 2125 scripto
840 2037 1035 2123 obligatorio
1064 2037 1140 2102 inde
1164 2039 1310 2105 confecto
1334 2043 1405 2128 ple·

118 2140 326 2236 fflgffiffl
345 2141 422 2206 nius
456 2141 654 2215 continetur,
686 2138 845 2204 colamus
882 2145 998 2204 tornea
1028 2145 1057 2204 et
1089 2140 1306 2207 concedimus
1320 2142 1405 2223 Noe,

116 2241 275 2337 ffiffilffl·
344 2242 494 2329 praedicti
517 2240 737 2307 Oa-ncellarius
760 2246 795 2305 et
818 2241 1053 2321 Procuratores,
1070 2263 1108 2305 ac
1130 2246 1203 2306 tota
1228 2242 1404 2311 Universi-

343 2350 403 2423 tas,
426 2366 486 2431 pro
517 2343 612 2408 nobis
646 2348 681 2408 ct
715 2343 953 2407 successoribus
984 2343 1106 2408 nostris
1133 2343 1168 2407 in
1191 2351 1404 2433 perpetuum,

344 2447 433 2532 quod
467 2446 496 2510 si
529 2444 686 2531 praedicta
720 2443 936 2510 communitas
969 2445 1058 2511 villae
1094 2445 1300 2527 Oxoniensis,
1341 2472 1404 2536 pro

343 2549 518 2613 animabus
555 2546 761 2613 Scholarium
800 2551 835 2611 et
873 2547 1012 2611 aliorum
1049 2548 1086 2612 in
1119 2549 1208 2615 dioto
1242 2551 1403 2619 conflictu

343 2652 530 2731 occisorum,
547 2671 647 2714 unam
663 2650 795 2713 missam
810 2649 1069 2713 anniversariam
1084 2649 1121 2713 in
1136 2651 1270 2717 ecclesia
1286 2652 1403 2722 Beatae

344 2754 460 2820 llariae
485 2752 626 2818 Oxoniae
649 2751 683 2815 in
708 2751 792 2816 festo
816 2750 847 2815 S.
873 2750 1083 2817 Scholastioae
1099 2751 1249 2839 Virginis
1270 2777 1403 2823 annua-

344 2857 405 2920 tim
427 2855 528 2920 faciat
552 2853 715 2931 celebrari,
739 2853 837 2917 modo
861 2857 891 2918 et
916 2852 1022 2917 forma
1045 2854 1165 2939 quibus
1196 2856 1232 2919 in
1255 2859 1402 2943 quadam

343 2957 528 3036 indentura,
545 2955 634 3020 inter
649 2977 708 3019 nos
723 2960 757 3020 et
773 2953 895 3019 dietam
911 2956 1183 3020 communitatem
1199 2956 1240 3021 de
1259 2962 1403 3026 materia

342 3059 414 3143 ipsa
446 3059 541 3136 facta,
565 3057 694 3143 plonius
726 3057 923 3135 continetur,
959 3063 993 3121 et
1028 3079 1140 3122 omnes
1172 3058 1307 3145 insuper
1340 3062 1402 3129 alii

343 3160 474 3224 articuli
508 3160 544 3222 in
576 3159 690 3222 eadem
724 3159 904 3223 indentura
937 3160 1085 3223 contenti
1118 3166 1277 3246 exparte
1301 3163 1402 3232 dictae

343 3260 598 3337 communitatis,
627 3261 773 3345 quolibet
807 3282 894 3325 anno
918 3260 1028 3324 debite
1060 3261 1187 3326 fuerint
1221 3264 1401 3347 observati,

331 3365 430 3449 ¹quod
453 3385 513 3450 pro
536 3363 593 3427 illo
616 3384 703 3427 anno
726 3363 892 3449 pradictus
909 3368 1040 3426 centum
1063 3385 1181 3429 marcae
1204 3366 1399 3434 nuliatenus

342 3468 538 3552 exigantur3
560 3487 620 3552 pro
644 3464 718 3528 aliis
741 3486 820 3529 vero
843 3465 938 3529 annis
961 3464 1031 3550 ipso
1055 3465 1177 3550 scripto
1201 3467 1399 3554 obligatorio

342 3591 400 3632 suo
435 3568 548 3632 robore
583 3572 616 3632 et
655 3565 797 3631 efficacia
833 3566 868 3629 in
902 3571 1097 3652 perpetuum
1129 3567 1295 3635 duraturo.
1355 3573 1397 3638 In

341 3672 435 3756 cujus
458 3672 505 3736 rei
529 3669 755 3734 testimonium
778 3673 848 3732 tam
874 3669 1019 3754 sigillum
1049 3674 1200 3734 nostrum
1223 3693 1396 3739 commune

342 3774 580 3839 Universitatis
606 3772 778 3859 praedictae,
814 3792 913 3855 quam
938 3770 1083 3855 sigillum
1111 3793 1283 3839 commuue
1309 3797 1397 3840 coru·

341 3877 516 3941 munitatis
550 3875 725 3963 prredictra
759 3872 836 3938 huic
869 3872 1058 3938 indenturee
1091 3874 1283 3940 alternatim
1316 3884 1396 3943 sunt

342 4000 492 4065 appensa.

386 4141 512 4205 Datum
543 4140 633 4227 apud
657 4140 830 4216 Oxoniam,
853 4138 1074 4203 sextodecimo
1107 4139 1160 4203 die
1194 4140 1283 4222 Maii,
1308 4164 1393 4208 anno

340 4242 433 4326 regni
458 4242 557 4327 Regis
582 4241 748 4318 Edwardi‚
781 4241 874 4305 tertii
898 4244 972 4328 post
1004 4245 1230 4326 conquestum,
1261 4243 1392 4332 anglia

340 4343 504 4407 tricesimo
526 4343 641 4429 primo,
666 4350 699 4409 et
723 4343 871 4410 Franciae
894 4344 1021 4408 decimo
1044 4342 1183 4408 octavo.l

374 4564 465 4626 ¹This,
487 4565 537 4614 and
557 4563 599 4612 the
618 4563 754 4629 preceding
777 4563 926 4631 Obliyatiou,
950 4566 1014 4616 leave
1040 4566 1105 4616 been
1133 4565 1242 4617 collated
1259 4568 1323 4620 vich
1349 4569 1390 4620 the

340 4644 450 4711 original
468 4641 637 4695 instrumente.
