3036 5468
390 667 454 728 212
556 680 648 728 uam
670 677 899 727 csncmmsn
924 679 965 727 nr
987 675 1278 729 euoeumrosuu.

388 854 540 919 scientias
569 853 659 933 alias,
683 858 782 939 prout
807 876 905 941 opero
935 859 970 917 et
1001 852 1126 917 labores
1158 874 1224 917 non
1256 849 1363 915 solum
1385 870 1435 913 su·

388 957 551 1042 pientium
576 956 849 1043 philosophorum,
872 957 987 1022 sedet
1014 962 1201 1021 sanctorum
1227 959 1364 1040 patrum
1385 958 1434 1016 at-

389 1080 452 1145 que
483 1059 653 1124 doctorum
682 1064 795 1145 aperte
821 1059 1009 1135 ostendunt,
1032 1060 1067 1122 in
1090 1078 1229 1144 quorum
1260 1054 1435 1141 praesentia

387 1183 455 1226 non
478 1182 581 1225 essem
604 1183 664 1247 ego
687 1160 808 1247 dignus
839 1162 965 1248 aperire
990 1183 1026 1225 os
1048 1181 1178 1239 meum3
1209 1157 1281 1224 haee
1304 1157 1379 1221 dico
1401 1160 1435 1219 et

388 1262 512 1327 affirmo
535 1269 696 1348 quantum
721 1264 764 1328 ad
789 1268 894 1328 artem
919 1264 1018 1327 illam.
1075 1262 1245 1341 Quantum
1267 1258 1373 1346 igitur
1393 1255 1435 1321 od

388 1367 559 1432 studentes
592 1366 629 1429 in
660 1371 731 1431 arte
763 1366 829 1447 illa,
853 1367 925 1431 dico
957 1366 1045 1451 quod
1077 1364 1216 1429 student
1247 1363 1284 1426 in
1306 1366 1379 1427 arte
1399 1360 1434 1423 in

388 1490 454 1554 qua
486 1476 537 1533 est
569 1469 794 1549 necessarium,
829 1468 978 1555 perutile,
1002 1473 1036 1533 et
1069 1465 1262 1531 honorabile
1294 1464 1433 1541 studere,

387 1593 454 1635 non
488 1572 592 1636 solum
626 1570 807 1658 ipsissimis,
841 1572 898 1636 sed
930 1576 964 1636 et
995 1570 1148 1635 omnibus
1182 1566 1372 1655 parentibus
1401 1570 1435 1629 et

386 1672 500 1739 amicis
534 1694 669 1752 eorum;
703 1679 737 1738 et
768 1672 856 1738 absit
879 1673 967 1759 quod
998 1677 1130 1759 propter
1152 1669 1292 1735 verbum
1318 1686 1435 1741 meum,

386 1776 475 1860 quod
512 1796 579 1839 non
615 1779 664 1839 est
694 1773 834 1838 uerbum
867 1774 1004 1838 virtutis
1041 1772 1095 1837 vel
1132 1770 1351 1849 auctoritatis
1381 1768 1435 1833 vel

387 1881 519 1963 propter
541 1876 771 1961 cujuscumque
793 1875 938 1955 alteriue,
962 1875 1081 1960 aliquis
1103 1879 1188 1941 esset
1209 1877 1372 1939 retractus
1394 1870 1436 1936 ab

387 2000 496 2043 emere
520 1977 609 2042 illius
632 1978 719 2043 artis.

229 2386 310 2441 eae.
390 2368 551 2435 Srsrura
573 2385 616 2433 ro
643 2384 768 2433 onmes
790 2381 934 2433 ranoss
956 2383 999 2433 ro
1020 2383 1089 2432 cur
1111 2382 1181 2432 rus
1203 2364 1441 2431 Acaunum.

715 2486 821 2536 unsss
842 2487 882 2535 m
903 2486 977 2536 uus
999 2468 1112 2536 souu¹

164 2670 364 2717 meschauea
434 2651 499 2721 Dic
514 2650 695 2730 Dominica
716 2651 753 2715 in
766 2650 882 2738 vigilia
904 2648 1128 2717 inventionis²
1151 2649 1184 2716 S.
1203 2647 1442 2736 Frideswydoe,

162 2722 475 2867 iffissiiimanno
514 2755 650 2820 Domini
687 2754 859 2819 millesimo
896 2755 1125 2820 trecentesimo
1163 2752 1442 2838 quinquagesimo

163 2836 361 2968 qqupinimipm.
388 2864 513 2935 octove,
541 2857 701 2943 Magistro
732 2855 885 2921 Johanne
916 2855 1090 2943 Reygham
1122 2854 1336 2933 (bucelleno,
1369 2853 1443 2919 Ms-

163 2936 348 3027 eteutffibor
387 2961 500 3045 gistris
539 2958 679 3023 Ricardo
712 2958 844 3039 Sutton,
872 2957 1019 3023 Waltero
1050 2955 1285 3022 Wandefforde
1323 2957 1443 3021 eodem

163 3025 230 3069 roba·
237 3026 273 3067 for
285 3024 326 3067 tho

163 3074 321 3175 msam
329 3124 349 3167 h
387 3068 532 3146 tempore
563 3060 839 3141 Procuratoribus,
874 3060 911 3124 in
946 3062 1195 3148 congregatione
1226 3058 1444 3144 Regeutium,

163 3176 357 3277 ppqppffique
388 3162 540 3226 omnibus
571 3162 795 3247 praesentibus,
819 3162 1023 3229 ordinatum
1049 3162 1126 3248 fuit
1148 3161 1353 3227 concorditer
1383 3184 1445 3248 per

163 3277 260 3420 ἕω
269 3276 498 3369 ffi'ssmfflssnffl
521 3269 554 3329 et
576 3264 721 3350 singulos
745 3271 826 3330 tunc
849 3266 1022 3351 Regeutes,
1046 3265 1134 3351 quod
1150 3264 1290 3350 quilibet
1313 3264 1442 3341 scissor,

162 3380 221 3479 mg
229 3376 375 3469 pporpffilw
387 3367 538 3431 dividens
563 3366 617 3430 vel
643 3366 818 3453 disponens
845 3374 965 3433 sectam
1001 3368 1037 3432 in
1067 3367 1294 3432 Universitate
1326 3366 1444 3432 distri-

163 3477 363 3571 fflffiss'ffi‘b
387 3470 560 3547 buendam,
592 3471 638 3535 sic
669 3469 866 3535 sufficienter
897 3471 1049 3558 disponat
1075 3469 1129 3535 vel
1153 3469 1282 3534 dividat
1304 3474 1344 3533 ut
1370 3470 1446 3533 Ma·

162 3578 366 3672 {flgssffitnd
386 3573 482 3660 gistri
505 3579 539 3638 et
566 3573 692 3638 Budelli
726 3595 792 3637 non
827 3574 950 3638 strictis
982 3595 1041 3637 nec
1070 3571 1173 3637 curtis
1198 3571 1358 3651 vestibus
1384 3571 1445 3637 sed

163 3670 355 3781 fflffingqffiffbu
388 3677 486 3763 largis
508 3683 543 3741 et
569 3676 728 3741 talaribus
754 3676 882 3764 possint
913 3677 973 3753 uti,
1002 3677 1088 3741 sieut
1119 3675 1321 3761 temporibus
1356 3697 1444 3761 prae-

162 3780 375 3881 fgffioglgqflffiffl
387 3779 495 3844 teritis
515 3780 609 3843 indui
633 3783 893 3858 consueverunt3
917 3778 1091 3843 honestum
1115 3783 1166 3843 est
1192 3776 1276 3842 euim
1306 3784 1342 3841 et
1366 3800 1446 3844 con·

163 3880 503 3983 fflfflffiionnsonum
537 3881 666 3961 rationi,
702 3880 820 3966 quibus
855 3879 946 3944 Deus
980 3880 1068 3944 ultra
1104 3879 1202 3945 laicos
1238 3883 1446 3948 ornamentis

388 3985 584 4049 intrinsecus
625 3984 746 4048 tribuit
787 3982 1048 4069 praerogativam,
1090 3981 1191 4047 etiam
1237 3982 1448 4050 extrinsecus

388 4086 479 4151 laicis
515 4087 552 4148 in
585 4085 702 4150 habitu
736 4085 804 4149 sint
835 4084 1021 4149 difformes:
1063 4086 1089 4149 si
1126 4085 1200 4171 quis
1230 4090 1344 4149 autem
1386 4088 1447 4153 isti

388 4188 587 4252 ordinationi
610 4188 853 4251 contravenerit
883 4188 923 4252 de
955 4188 1153 4267 scissoribuS,
1178 4207 1277 4272 poena
1304 4191 1447 4255 carceris

387 4290 550 4375 punietur,
579 4293 613 4353 ct
640 4310 807 4372 quousque
838 4289 1032 4354 satisfecerit
1062 4290 1149 4375 parti
1181 4288 1275 4365 laesm,
1304 4290 1360 4354 cui
1393 4293 1447 4358 in-

387 4489 574 4497 ——-—

420 4611 479 4661 1Χο
491 4612 546 4664 title
557 4613 584 4663 in
596 4613 652 4665 MS.
908 4618 913 4685 Ι
968 4617 1160 4669 ²re'sitctionis?
