3036 5468
226 581 319 629 nnuu
342 580 571 631 canemnnau
595 580 637 629 rr
660 578 947 632 rnocunnronuu.
1047 566 1111 632 319

56 774 140 839 gare
163 751 310 839 possint,¹
339 756 495 818 vocatum
518 750 572 817 vel
598 758 741 833 vocatos,
763 753 792 817 si
814 752 1035 840 negligentem
1058 751 1111 817 vel
1125 762 1341 867 ffiffffie

58 856 275 942 negligentes,
292 855 462 921 remissum
486 855 540 920 vel
564 856 713 921 remissos
736 855 772 919 in
797 855 907 941 aliquo
934 854 1115 943 premisse
1125 865 1341 971 mm

58 980 135 1021 rum
151 979 210 1042 per
224 957 345 1022 dictam
367 957 647 1023 examinationem
670 959 804 1043 reperiri
824 958 1010 1045 contigerit,
1031 957 1113 1023 dicti
1126 966 1341 1064 {ffifflfflffl

58 1072 231 1137 auditores
255 1076 439 1149 teneantur,
456 1071 492 1135 in
517 1073 652 1137 suminis
674 1072 848 1138 forisfactis
869 1073 1060 1159 hujusmodi
1080 1068 1342 1165 etwnfflfflfflffilg

59 1198 121 1261 per
152 1197 264 1240 eorum
294 1175 512 1262 negligentias
543 1197 609 1239 non
638 1175 767 1255 levatis,
794 1175 947 1241 dictum²
979 1132 1341 1241 Cancel-lllfflffll'fflll‘

59 1277 181 1341 larium
220 1281 255 1342 et
291 1274 361 1361 ejus
400 1275 692 1353 Οοιιιιιιὶεειιιὶιιιιι,8
726 1298 763 1341 ac
800 1275 1032 1343 Procuratores
1061 1279 1116 1342 vel

60 1401 176 1444 corum
207 1379 414 1457 substitutos,
438 1378 496 1465 qui
525 1400 586 1465 pro
619 1384 766 1466 tempore
799 1378 933 1459 fuerint,
964 1379 1117 1444 condem-

59 1504 144 1547 nare
156 1505 165 1560 ;
199 1486 364 1568 praetextu
397 1481 491 1567 cujus
517 1480 799 1547 condemnationis
821 1486 893 1548 tam
921 1480 1117 1549 cancellarii

59 1606 162 1670 quam
179 1605 290 1649 eorum
314 1581 536 1649 Commissarii
559 1606 659 1669 quam
681 1583 913 1650 Procuratores
928 1590 988 1650 aut
1003 1605 1116 1649 eorum

60 1687 248 1765 substituti,
272 1687 330 1772 qui
353 1708 412 1773 pro
435 1692 584 1773 tempore
607 1687 743 1767 fuerint,
766 1709 880 1752 omnes
902 1692 937 1752 et
968 1687 1115 1775 singulas

61 1789 254 1875 hujusmodi
280 1811 433 1866 summas,
457 1796 496 1853 ut
528 1786 755 1876 praemittitur,
778 1811 836 1875 per
868 1811 982 1855 eorum
1011 1788 1116 1874 negli-

59 1891 192 1979 gentias
222 1913 289 1956 non
311 1891 438 1955 levatas
461 1891 548 1956 infra
570 1895 696 1956 certum
720 1892 899 1957 terminum
929 1913 987 1980 per
1010 1891 1116 1958 dictos

61 1993 240 2071 auditores,
263 1992 306 2057 ad
333 1993 489 2058 ultimum
513 1992 600 2057 infra
622 1993 835 2060 medietatem
858 1996 938 2061 anni
968 2017 1012 2061 ex
1036 2003 1117 2061 tunc

59 2097 215 2184 proximo
252 2103 442 2182 sequentem
477 2096 721 2182 assignandum,
752 2095 824 2163 sine
855 2097 1116 2164 contradictione
1129 2105 1242 2152 manu
1295 2129 1304 2141 ·

1129 2159 1252 2204 mentshnl
1269 2160 1298 2203 ba

61 2197 298 2263 reclamatione
332 2198 385 2262 vel
419 2197 639 2284 appellatione
674 2221 869 2287 quacunque
900 2201 998 2267 dictae
1031 2200 1117 2267 Uni-
1129 2208 1292 2305 lpffipppn
1300 2258 1335 2304 ux

61 2299 214 2366 versitati
237 2299 362 2365 solvere
384 2305 567 2365 teneantur.
1129 2311 1236 2363 ωοιιιιιι,

109 2452 165 2516 Ad
187 2473 262 2537 quse
284 2452 395 2516 omnia
410 2455 445 2516 et
459 2452 590 2538 singula
613 2452 792 2538 diligenter
814 2453 1028 2533 observanda,
1045 2476 1116 2540 per·
1128 2444 1321 2567 ffiplrpmtpnm
1321 2514 1338 2559 d

61 2555 213 2634 timenda,
230 2559 264 2619 et
287 2554 479 2639 exequenda
500 2576 559 2640 pro
581 2555 752 2640 perpetuis
769 2554 889 2619 futuris
904 2555 1116 2641 temporibus,
1129 2566 1344 2662 ‘Pffiffifflp

61 2657 186 2745 singuli
212 2657 317 2721 futuri
343 2656 545 2736 Cancellarii,
571 2658 810 2735 Procuratores,
837 2660 871 2724 et
898 2679 1010 2722 eorum
1031 2666 1344 2723 com-munatium

1129 2719 1219 2770 Bodels,
1226 2718 1273 2761 and
1281 2718 1322 2760 the

62 2761 138 2849 puti
168 2759 346 2837 auditores,
378 2781 415 2823 ac
447 2760 548 2823 etiam
573 2759 708 2837 Bedelli‚
730 2759 768 2824 in
799 2758 906 2845 prima
932 2760 1117 2846 receptione
1129 2769 1282 2863 Ppffigptprlslpffg
1290 2768 1337 2861 tund

63 2862 246 2928 officiorum
276 2882 420 2941 suorum,
450 2862 541 2926 ultra
569 2861 764 2947 juramenta
795 2867 950 2928 consueta
979 2860 1117 2949 speciale
1130 2869 1321 2964 3155thpr

58 2966 290 3049 juramentum
325 2969 481 3049 praestare
512 2970 698 3041 teneantur,
737 2964 787 3029 ita
816 2964 904 3050 quod
942 2964 1118 3032 substituti
1130 2970 1309 3069 2233ng

63 3066 242 3150 cujuslibet
269 3065 463 3132 cancellarii
487 3088 524 3131 ac
551 3065 653 3131 etiam
689 3066 944 3133 Procuratorum
979 3090 1114 3155 praesen·
1131 3072 1225 3168 33:230
1244 3071 1303 3164 hpffl

64 3169 152 3233 tiurn
176 3174 211 3234 et
237 3169 433 3247 futurorum,
458 3168 515 3256 qui
540 3167 681 3233 officium
705 3191 801 3234 suum
826 3192 884 3257 per
908 3171 995 3235 diem
1021 3176 1235 3236 naeu-erute:

64 3271 178 3350 uilem,
202 3271 381 3337 secundum
408 3271 546 3336 formam
570 3270 702 3355 antiqui
725 3273 854 3349 statuti,
879 3274 1118 3359 occupaverint,

65 3374 155 3438 idem
170 3371 341 3460 praestent⁴
352 3373 590 3458 juramentum,
604 3372 732 3458 quoties
748 3393 802 3437 eos
825 3370 896 3437 fieri
919 3373 1119 3440 substitutos

66 3475 266 3562 contigerit;
289 3480 324 3540 et
354 3475 442 3561 quod
470 3473 692 3540 Cancellarius
718 3481 752 3541 et
779 3475 1011 3542 Procuratores
1036 3499 1120 3562 prae-

64 3582 177 3643 sentes
207 3575 249 3641 ad
280 3576 368 3642 idem
399 3582 565 3642 statutum
588 3576 702 3663 jurent
734 3577 975 3644 observandum
1006 3578 1118 3644 eodem

65 3678 122 3745 die
157 3702 222 3765 quo
252 3680 430 3767 contigerit
461 3680 584 3747 dictam
615 3680 857 3746 ordinationem
894 3702 955 3768 pro
990 3685 1118 3746 statuto

64 3782 287 3871 pronunciari.
346 3780 441 3862 Quod
468 3783 496 3847 si
520 3781 740 3848 Cancellarius
771 3781 824 3846 vel
854 3782 973 3869 aliquis
1000 3781 1119 3847 Procu-

64 3890 158 3949 rator
190 3883 226 3949 in
255 3883 415 3970 praedicta
446 3883 718 3972 pronunciatione
752 3884 868 3949 absens
899 3884 1008 3964 fuerit,
1034 3885 1121 3950 infra

63 3988 157 4055 diem
181 3986 367 4053 naturalem
390 3993 465 4074 post
497 3986 679 4052 adventum
711 4009 807 4052 suum
838 3984 880 4054 ad
911 3988 1121 4054 Universito-

63 4099 136 4158 tem
160 4089 329 4157 consimile
351 4091 510 4177 preestet⁶
528 4093 763 4177 juramentum.

71 4268 240 4278 .-—-—--
273 4268 284 4272 -
304 4267 310 4273 .
334 4268 340 4272 .
355 4266 399 4273 ...-
413 4264 607 4271 -—--——--—
637 4264 703 4270 .<.--
720 4262 996 4271 -—-—-—..-—---.

102 4376 108 4404 ¹
124 4380 238 4438 possunt,
250 4373 281 4422 B.
592 4375 596 4441 l
657 4371 783 4436 'prostat
795 4373 851 4423 MS.

99 4451 208 4510 'dirtos
224 4452 256 4501 B.
592 4448 596 4537 l
655 4450 665 4479 ⁸
679 4458 790 4514 proesrm,
801 4450 831 4501 B.

99 4533 109 4563 ¹
126 4528 319 4584 Commisaarr'oe,
332 4530 363 4578 B.
592 4540 595 4563 ῑ
