3090 5490
300 728 643 780 momenmentum
667 730 708 779 ur
731 731 1017 782 raocunaroaun
1118 718 1184 786 117

136 908 230 986 parte
259 924 333 988 quae
363 904 439 969 huie
468 904 556 971 folio¹
593 905 663 970 sive
692 906 821 993 paginae
850 906 968 993 juncta
997 910 1056 984 est,
1080 909 1116 971 et
1148 904 1185 967 in

131 1002 289 1088 junctura
310 1007 441 1071 nomine
463 1012 498 1072 et
520 1007 614 1094 siguo
640 1031 713 1074 meo
735 1006 866 1095 privato
888 1008 997 1074 tribus
1019 1007 1097 1073 locis
1112 1027 1185 1071 con-

136 1105 277 1194 signata,
292 1116 478 1187 narrantur,
501 1133 663 1177 unacum
686 1112 830 1178 testibus
852 1110 1029 1177 antedictis
1044 1132 1186 1199 praesens

137 1208 280 1291 interlui,
311 1234 414 1299 eaque
444 1213 490 1279 sic
519 1213 590 1279 fieri
620 1213 690 1279 vidi
725 1219 760 1281 et
794 1214 918 1292 audivi,
941 1214 1055 1301 scripsi
1086 1218 1121 1279 et
1150 1213 1187 1277 iu

137 1311 221 1379 hano
242 1314 407 1400 publicam
424 1315 562 1382 formam
585 1315 722 1404 redegi,2
742 1316 922 1405 signoque³
944 1321 1099 1383 consueto
1122 1316 1187 1403 sig·

139 1415 217 1480 navi
239 1423 380 1504 rogatus.

183 1584 525 1653 Promissum⁴autem
545 1586 840 1673 p1·aedictum,ut
830 1610 867 1651 rn
890 1587 1043 1674 proxima
1067 1587 1392 1687 Paglssaffifflssffl

139 1688 296 1775 superiori
319 1690 515 1769 continetur,
539 1690 579 1755 de
603 1690 758 1777 erigendo
783 1694 819 1755 et
841 1689 996 1757 situando
1022 1691 1187 1777 pilloriurn
1200 1693 1408 1798 mett&

141 1791 360 1876 pradictum
350 1815 386 1856 1n
406 1792 474 1858 loeo
497 1791 695 1879 supradicto,
720 1792 803 1858 dicti
826 1792 936 1879 Major
958 1798 993 1859 et
1010 1794 1379 1891 burgensesommoenrn·

139 1892 226 1958 infra
249 1894 449 1980 quindenam
471 1904 585 1981 postca
607 1900 661 1962 act
647 1896 782 1960 tualiter
805 1895 1033 1982 impleverunt.

143 2170 196 2236 Du
230 2187 600 2255 concanorrronrnus3
640 2189 681 2238 nr
714 2190 809 2250 ouon
849 2187 1022 2240 recurras
1055 2189 1192 2241 aarrun
1272 2194 1303 2248 a.
1317 2198 1356 2248 57,

231 2292 342 2340 runnu
376 2293 568 2341 onerosam
602 2293 648 2340 na
683 2291 902 2344 ranornnors
934 2294 973 2342 ru
996 2293 1194 2344 coronass-
1273 2265 1353 2315 ⁰³⁰·

230 2396 335 2444 rroun
359 2397 541 2446 serualur.

187 2537 272 2604 Cum
302 2539 383 2603 utile
414 2545 448 2604 et
479 2539 655 2626 expediens
682 2537 792 2603 visum
823 2537 867 2603 sit
891 2536 1127 2618 Universitati,
1151 2537 1191 2603 de
1233 2556 1301 2608 ΑΒ,
1316 2561 1388 2606 1325.

140 2639 291 2706 omuibus
315 2642 497 2706 tractandis
526 2642 562 2705 in
587 2641 685 2728 plena
710 2641 964 2728 congregatione
987 2639 1192 2727 Regentium
1204 2645 1384 2739 rnoneunpor

1203 2696 1325 2741 mahali
1350 2708 1391 2739 avo

141 2750 175 2808 et
190 2743 282 2808 Non·
271 2745 468 2832 regentium
484 2744 691 2810 facultast
639 2748 691 2809 art
692 2743 761 2808 ium
776 2743 906 2830 plenam
922 2743 1191 2809 deliberationem
1203 2748 1370 2850 {ww
1289 2746 1395 2790 Mla

142 2846 263 2912 habeat
277 2852 312 2912 et
326 2851 512 2913 tractatum.
559 2845 683 2914 Idcirco
698 2845 872 2912 innitendo
887 2844 1120 2911 consuetudini
1134 2866 1192 2911 an·
1204 2798 1412 2953 {heppwlvnisdoou

142 2948 283 3035 tiquitus
298 2949 480 3036 registrare
482 2972 571 3036 ,qua
585 2955 721 3016 cavetur
736 2950 825 3036 quod
840 2948 937 3013 artist
938 2969 975 3024 rr,
923 2947 1035 3013 tad
1049 2947 1193 3013 vocatio·
1204 2951 1410 3052 Ψωῐῡοξᾶᾛῖ.

142 3071 215 3116 nem
232 3050 493 3132 Procuratorum,
507 3074 652 3118 scorsum
673 3053 716 3117 ab
735 3051 809 3116 aliis
824 3049 1038 3116 facultatibus
1053 3050 1193 3116 videant
1205 3050 1414 3157 Qnfflwlffhggff

144 3154 223 3239 quid
246 3155 391 3221 sentiant
414 3155 640 3234 faciendum,
630 3178 666 3221 1n
673 3154 805 3243 gratiis
829 3152 1042 3221 concedendis
1065 3159 1099 3220 et
1120 3103 1249 3218 alliam

144 3257 285 3344 negotiis
307 3259 343 3322 in
369 3258 466 3345 plena
494 3257 746 3346 congregatione
771 3256 992 3345 expediendis,
1016 3263 1194 3345 antequam

144 3380 235 3425 suam
251 3362 471 3448 pronuntiant
494 3360 703 3438 sententiam,
719 3367 754 3426 ot
768 3365 849 3426 tunc
873 3360 981 3427 senior
996 3361 1194 3427 Procurator

145 3463 243 3529 debet
259 3485 371 3530 eorum
387 3464 589 3530 sententiam
604 3463 821 3552 promulgare,
839 3463 1049 3530 Universitas
1066 3464 1193 3552 Regen-

145 3565 228 3632 tium
253 3588 297 3631 ex
319 3566 469 3632 unanimi
492 3588 651 3633 consensu
674 3566 811 3653 provide
834 3565 1013 3632 orcliaavit
1043 3566 1131 3653 quod
1153 3565 1194 3631 de

145 3675 261 3735 cetero
276 3669 388 3734 nullus
409 3669 576 3750 articulus,
592 3690 653 3735 neo
671 3667 801 3757 gratia⁶
824 3689 884 3734 uec
905 3667 1032 3755 aliquid
1046 3668 1083 3732 in
1097 3668 1194 3756 plena

146 3772 394 3860 congregatione
411 3772 610 3860 Regentium
625 3778 660 3837 et
675 3771 952 3859 Nou-regentium
967 3764 1195 3858 pertractetur,

108 3868 114 3873 ’
145 3874 208 3940 nisi
222 3896 376 3953 seorsum,
391 3880 432 3940 ut
447 3876 546 3963 prius,
559 3875 676 3941 saltem
691 3896 750 3962 per
765 3875 861 3953 diem,
876 3872 1006 3939 articuli
1017 3872 1031 3911 ⁶
1044 3872 1193 3959 hujusce·

147 3979 234 4045 modi
258 3979 345 4044 inter
368 3980 502 4044 artistas
524 4000 582 4065 per
605 3979 837 4044 Procuratores
862 3981 1088 4064 proponantur
1110 3982 1194 4043 trac·

147 4082 246 4147 tandi.
293 4082 394 4147 Facta
424 4086 474 4148 est
504 4081 573 4148 haec
599 4081 763 4148 ordinatio
789 4102 847 4168 per
863 4079 1029 4166 Regentes
1051 4079 1087 4144 in
1109 4080 1194 4146 festo

553 4274 612 4283 -2—0.

180 4389 185 4418 ¹
199 4388 231 4440 D.
243 4390 305 4439 adde
316 4386 388 4456 hujus
400 4386 458 4438 libri
468 4388 532 4441 ulter
543 4386 616 4454 solio.
726 4388 868 4454 'potioria
889 4386 1010 4453 omitting
1031 4403 1073 4439 nec
1093 4384 1194 4453 aliquid,

179 4469 189 4497 1
243 4470 248 4480 “
268 4470 273 4480 “
708 4469 715 4488 r

178 4467 366 4599 'lldlddllllmeo
377 4549 572 4616 asteraipnoqre.
694 4468 873 4608 crannum,
886 4548 942 4610 tte,
954 4546 986 4599 C.

182 4626 399 4692 'premissumlt
