3036 5468
280 723 375 774 amru
397 720 628 775 cmcrmimr
651 724 693 775 nr
716 722 1007 777 erocumronou.
1099 710 1164 775 109

103 898 258 985 sigillum
273 897 371 964 officii
388 898 581 965 Cancellarii
604 900 689 965 infra
709 900 797 966 idem
820 900 936 967 reddat
948 899 972 981 ;1
996 921 1056 966 nec
1070 901 1166 966 liceat

103 1003 178 1089 ipsi
206 1000 418 1081 Cancellario,
443 1002 531 1068 ultra
556 1003 705 1068 triduum
727 1003 822 1084 illud,
846 1005 881 1068 in
903 1003 1007 1069 officio
1032 1003 1166 1070 Cancel-

105 1104 190 1169 larii
219 1104 354 1191 aliquod
379 1106 436 1191 jus
462 1105 610 1184 clamare,
638 1107 695 1171 sed
720 1105 822 1191 juxta
852 1108 971 1185 omnia,
997 1129 1072 1193 quae
1101 1107 1165 1172 sibi

106 1207 314 1273 denunciata
346 1208 478 1286 suerint,
509 1209 606 1274 modo
645 1208 734 1274 dicto
763 1207 850 1272 infra
883 1208 1031 1274 triduum
1062 1210 1166 1278 facere

106 1315 278 1391 teneatur,
300 1312 338 1376 in
360 1312 486 1377 virtute
509 1311 651 1398 praestiti
673 1310 875 1377 sacramenti.

106 1580 273 1649 Smrurn
296 1594 496 1644 ouumsrm
521 1578 815 1643 Procumrcnrs:
840 1596 949 1645 curuo
973 1596 1166 1646 scurram

225 1698 306 1747 rum
343 1699 423 1759 oon
462 1698 581 1746 rosim
619 1699 658 1746 m
695 1699 888 1747 nuncrroun
926 1698 1165 1754 ussermann.

229 1783 431 1868 (luliarum.fl

161 1949 246 2015 Cum
273 1970 315 2012 ex
340 1947 467 2014 casibus
491 1947 638 2013 fortuitis
668 1949 763 2035 plura
787 1947 932 2035 pericula
961 1971 1003 2014 ex
1029 1949 1161 2037 dissipa·
1175 1960 1375 2060 dimite

105 2050 228 2119 tione³
243 2051 405 2116 bonorum
425 2051 647 2116 commimium
665 2049 928 2132 universitatis*
941 2051 977 2116 in
998 2052 1163 2118 futurum·
1174 2064 1392 2161 fflffiuffi·

105 2178 177 2243 quo
212 2154 366 2222 timemus
400 2154 548 2242 poterint
585 2155 764 2232 imminere,
794 2160 963 2221 statutam
992 2161 1038 2220 cst
1075 2157 1163 2241 quod
1175 2166 1391 2273 ggqqletffipoetty

104 2263 288 2347 postquam
317 2257 436 2342 aliquis
459 2256 559 2322 fuerit
583 2257 618 2321 in
650 2257 896 2323 Procuratorem
927 2258 1163 2325 Universitatis
1174 2266 1345 2362 ffiffiffifflyg

104 2363 243 2438 electus,
254 2361 483 2447 juramentum
502 2364 639 2447 praestet
659 2360 833 2447 corporale,
850 2358 937 2446 quod
952 2359 993 2425 de
1009 2361 1163 2427 omnibus
1174 2366 1357 2462 fflgfflvffiy

104 2463 307 2551 recipiendis
337 2485 379 2529 ex
412 2467 507 2549 parte
542 2461 782 2528 Universitatis
812 2462 941 2528 fidelem
971 2468 1162 2551 computum
1174 2468 1225 2564 {iffi
1247 2470 1331 2575 affirm

103 2567 239 2646 reddat,
256 2588 315 2632 nec
337 2566 380 2631 ab
396 2564 624 2631 Universitate
639 2565 779 2642 recedat,
804 2587 973 2652 quousque
996 2565 1036 2632 de
1059 2567 1162 2633 omni-

103 2671 176 2737 bus
199 2669 339 2755 receptis
366 2667 464 2735 dictae
488 2668 710 2733 Universitati
735 2668 936 2746 satisfecerit,
956 2668 1050 2733 finali
1076 2690 1161 2735 com·

102 2777 195 2862 puto
211 2771 385 2858 persoluto
400 2771 464 2836 nisi
486 2771 522 2835 in
537 2793 613 2836 casn
628 2792 693 2857 qno
708 2775 950 2858 procuratorem
965 2769 1163 2837 sufficienter
1174 2785 1389 2892 qqlpqqupmffiy

101 2879 311 2943 instructum
341 2877 536 2960 praesentem
567 2872 721 2938 habuerit
751 2880 913 2959 paratum,
939 2895 1046 2938 coram
1070 2873 1162 2958 judi·
1174 2887 1377 2991 gonmfflittffi

101 2980 205 3047 cibus
226 2979 269 3043 ad
291 2977 351 3042 lroc
368 2976 551 3065 specialiter
575 2975 752 3064 deputatis,
778 2975 821 3040 ad
843 2975 955 3042 omnia
977 2979 1011 3040 ct
1033 2975 1247 3063 singultuum.

100 3081 268 3158 facienda,
291 3102 365 3166 qum
389 3081 424 3144 in
438 3101 576 3166 persona
595 3079 728 3167 propria
748 3078 853 3145 facere
875 3077 1083 3160 tener·etur;⁶
1106 3081 1163 3167 qui

101 3183 244 3273 quidem
257 3183 395 3269 judices,
415 3182 458 3247 ad
480 3181 617 3247 alterius
636 3181 859 3248 Procuratoris
879 3182 1094 3261 vocationem,
1118 3183 1163 3248 ad

99 3285 312 3353 audiendum
336 3284 508 3350 ratiocinia
537 3284 705 3350 antedicta
736 3306 809 3350 cum
836 3283 956 3349 effectu
986 3283 1021 3349 in
1048 3286 1161 3353 cadem

100 3388 361 3476 congregatione
379 3388 568 3472 juramento
592 3386 747 3474 corporali
770 3387 838 3452 sint
861 3387 998 3452 astricti.

152 3491 277 3557 Jurcnt
308 3491 409 3555 ctiam
440 3489 670 3555 Procuratores
701 3495 735 3554 ct
772 3510 886 3554 corum
917 3489 1094 3555 substituti
1118 3490 1161 3554 ad
1241 3505 1324 3559 0³0.

101 3594 336 3667 ordinationes
362 3593 517 3658 cistarum
547 3615 621 3658 cum
652 3596 793 3678 quatuor
823 3590 980 3671 clavibus,
1006 3598 1040 3657 et
1070 3591 1161 3659 cistae
1173 3582 1387 3687 ffifiiill'tl'eind

143 3791 254 3797 ------
266 3790 396 3797 -—---
443 3778 720 3796 .-....-..-..------l—

141 3913 151 3943 ἱ
165 3911 210 3961 An
232 3925 331 3961 erasure
353 3925 442 3960 occurs
464 3908 532 3967 here,
560 3924 615 3973 pro.
660 3897 682 3947 lfl
693 3896 875 3956 differenl,811d
886 3894 1162 3960 ineachamerejum·

100 3992 186 4057 bably
198 3991 293 4056 merely
304 3990 336 4039 oi
349 3990 431 4039 words
442 3991 565 4053 repeated,
578 3989 617 4038 ior
659 3977 708 4027 ble-

103 4088 156 4125 nec
168 4068 254 4121 reddor
264 4070 287 4120 is
298 4069 409 4119 inserted
420 4069 447 4117 in
460 4068 488 4118 C.
694 4054 923 4118 'distinctione-B.
937 4055 1028 4105 cndC.

694 4137 703 4165 ⁴
715 4135 794 4186 Some
802 4136 871 4185 word
882 4135 905 4184 is
917 4133 1047 4202 evidently
1058 4136 1163 4188 omitted

140 4204 153 4232 ²
165 4200 221 4250 The
229 4202 417 4264 W⁰fdl¹mrl¹im
427 4199 450 4249 5⁸
457 4198 518 4249 hese
529 4200 617 4263 Pl²⁰0d
660 4214 726 4275 here,
738 4213 861 4279 probably
870 4215 991 4264 immineat
1002 4230 1031 4265 or
1040 4215 1161 4267 accidunt.

101 4299 135 4335 as
148 4281 171 4329 it
181 4294 270 4329 occurs
281 4279 309 4328 1¹¹
320 4278 364 4329 the
379 4279 445 4339 MS,
458 4278 479 4329 li
490 4278 616 4344 evidently
660 4295 717 4343 Tho
745 4294 827 4344 whole
849 4301 941 4344 statute
968 4294 991 4342 is
1019 4296 1162 4362 extremely

103 4375 176 4413 once
192 4359 291 4409 elluded
307 4367 334 4408 to
353 4374 422 4410 scme
442 4367 617 4425 arrangement
661 4374 792 4438 Μηρώ]
803 4373 912 4433 written,
923 4374 973 4425 and
984 4374 1031 4424 fun
1043 4375 1073 4424 os
1087 4374 1163 4424 omis.

103 4442 139 4493 οἰ
154 4439 198 4488 ¹1¹0
213 4446 323 4500 Mutet,
335 4440 403 4489 What
419 4439 473 4490 thet
489 4455 541 4489 W
558 4439 578 4488 lt
594 4439 616 4488 5⁸
659 4453 727 4503 sione
740 4454 770 4503 os
778 4454 863 4503 letters
876 4455 926 4506 and
937 4462 1004 4518 parts
1023 4455 1053 4505 of
1069 4456 1159 4515 words,

105 4534 171 4571 nov
182 4518 367 4584 unfortunately
375 4520 518 4583 impossible
529 4526 556 4568 to
567 4519 616 4567 dis-
659 4533 687 4580 5„
700 4530 727 4582 c,

103 4612 195 4658 cover,
207 4597 233 4646 in
244 4598 306 4649 each
317 4598 372 4650 MS.
384 4598 428 4649 the
442 4607 617 4665 arrangement
693 4613 702 4640 ³
715 4618 855 4676 tenerentur,
867 4612 895 4665 C.
