3036 5468
231 744 327 793 nrum
350 740 578 793 crncnnmrn
600 743 643 791 nr
665 741 950 793 reocunnronun
1051 730 1114 793 245

62 918 208 1005 aliquem
223 941 318 983 suam
336 918 643 984 determinationem
655 918 722 983 illis
733 918 850 983 diebus
858 939 926 983 non
941 922 1117 1006 prorogent

63 1021 311 1108 contingentem
324 1048 332 1103 ;
355 1045 414 1088 nec
430 1022 603 1108 disputent
618 1021 771 1109 Magistri
787 1022 911 1085 artium
925 1020 978 1085 his
992 1020 1116 1086 diebus.

62 1123 213 1204 Quilibet
228 1131 339 1190 autem
361 1144 427 1211 pro
444 1123 530 1189 aliis
552 1124 841 1200 determinaturus,
858 1123 916 1209 qui
939 1123 1032 1211 prius
1050 1106 1343 1209 proffiffl'ss'ffl'

64 1248 100 1292 ee
129 1249 197 1292 non
228 1226 507 1305 determinaverit,
538 1225 667 1312 ingredi
697 1226 751 1292 die
783 1226 895 1302 Lunae,
919 1224 974 1290 vel
1001 1224 1119 1290 Martis
1129 1209 1316 1303 ffifflffl

64 1328 111 1393 sd
126 1330 290 1408 ultimum,
306 1334 381 1416 post
399 1328 544 1394 medium
560 1327 827 1414 Quadragesimee
841 1332 1003 1408 teneatur,
1020 1335 1118 1414 prout
1129 1308 1305 1413 ffifflffm„

64 1433 176 1497 fuerat
190 1432 377 1518 antiquitus
392 1436 591 1497 consuetum.
1129 1410 1332 1507 ffisslfnlm

113 1584 266 1671 Insuper·
302 1591 472 1650 statutam
510 1590 564 1663 cst,
602 1584 691 1670 quod
722 1606 834 1649 omnes
864 1586 921 1670 qui
951 1584 1120 1651 voluerint

67 1687 299 1764 determinare,
330 1686 459 1751 sinnte
490 1686 665 1773 prandium
694 1685 902 1766 intraverint,
925 1687 1040 1751 statim
1070 1689 1121 1751 in·

66 1788 266 1875 gradiantur
288 1788 414 1854 scholas
436 1788 479 1853 ad
500 1789 721 1875 pulsationem
744 1810 911 1875 campanae
925 1789 963 1852 in
987 1790 1120 1856 ecelesia

67 1892 182 1957 Beatae
214 1892 336 1971 Mariae,
360 1896 435 1977 post
463 1891 683 1977 pulsationem
705 1891 748 1956 ad
771 1890 884 1955 horam
907 1891 1049 1967 nonam,¹
1085 1898 1119 1958 et

65 1999 190 2059 exeant
207 2015 310 2079 quum
333 1992 519 2080 pulsabitur
540 1993 730 2058 immediate
753 1998 827 2079 post
843 1994 1016 2079 prandium
1031 1996 1120 2083 apud

65 2096 101 2161 S.
133 2094 389 2181 Fridoswydam.
435 2096 472 2160 Si
501 2118 579 2160 vero
609 2100 683 2181 post
707 2095 883 2182 prandium
909 2097 1118 2177 intraverint,

64 2198 184 2264 statim
206 2197 438 2285 ingrediantur
459 2197 584 2263 scholas
599 2220 702 2283 quum
722 2198 909 2285 pulsabitur
930 2200 1120 2265 immediate

63 2306 144 2388 post
165 2300 341 2387 prandium
364 2300 454 2386 apud
477 2299 509 2365 S.
525 2299 782 2385 Frideswydam,
798 2306 833 2366 et
854 2306 937 2366 tunc
959 2302 1120 2389 incipiant

64 2404 248 2490 disputare,
286 2404 335 2468 ita
372 2403 461 2488 quod
506 2402 688 2487 disputatio
724 2404 873 2468 totaliter
910 2404 1047 2469 finiatur
1083 2405 1335 2475 numanam,

64 2505 254 2594 pulsatione
277 2503 480 2591 completorii
504 2504 534 2568 S.
551 2502 784 2590 Frideswydae,
800 2511 839 2568 ut
853 2510 935 2570 tunc
950 2505 1120 2571 Scholares
1132 2472 1341 2575 iiiiii-lindiam

62 2608 196 2695 possint
218 2607 332 2671 audire
361 2627 474 2672 cursus
506 2627 589 2680 suos,
612 2606 699 2670 sicut
731 2606 911 2671 hactenus²
941 2606 1015 2672 fieri
1046 2572 1316 2676 con-derniirioiiffl'

62 2710 186 2777 suevit.
232 2710 278 2773 Et
299 2709 391 2773 istud
413 2713 579 2772 statutum
600 2708 708 2794 quoad
722 2713 895 2793 utramque
918 2709 969 2773 sui
985 2715 1120 2796 partem,

62 2811 230 2886 videlicet,
246 2810 354 2896 quood
370 2810 605 2896 disputationis
626 2810 856 2897 inceptionem,
871 2816 906 2875 et
924 2811 1119 2876 determina-

62 2913 169 2981 tionis
194 2914 453 2999 completionem,
480 2913 528 2976 ita
559 2912 674 2977 stricte
698 2912 914 2977 ³observetur
936 2913 1024 2999 quod
1050 2913 1120 2979 sine

64 3016 263 3085 cancellarii
299 3022 333 3080 et
366 3015 570 3100 singulorum
603 3015 801 3101 Regentium
835 3038 992 3081 consensu
1029 3016 1119 3082 nulla

62 3140 166 3205 super·
187 3117 249 3182 hoe
269 3116 471 3202 dispensatio
494 3117 702 3181 concedatur.

104 3428 157 3493 De
180 3427 248 3492 loeo
270 3427 313 3490 in
336 3446 401 3510 quo
425 3424 513 3489 debet
537 3422 767 3488 determinare
789 3424 1090 3491 determinaremus.

115 3572 211 3647 Item,
235 3568 440 3636 ordinatum
462 3576 516 3647 est,
541 3569 628 3654 quod
652 3568 761 3632 nullus
784 3567 1042 3635 determinator⁴
1065 3570 1220 3639 de-mom
1266 3607 1281 3639 v

63 3675 226 3743 terminet
247 3673 284 3736 in
306 3673 418 3758 aliqua
444 3670 585 3748 eeclesia,
621 3671 674 3735 vel
708 3670 790 3734 alibi
820 3692 920 3757 (luam
943 3673 979 3735 in
1001 3673 1119 3738 scholis
1130 3646 1345 3757 iiiiiiiiiouoii'i

63 3776 219 3866 Magistri
250 3776 310 3853 sui,
341 3775 395 3839 vel
433 3774 548 3839 saltem
586 3773 621 3836 in
651 3773 768 3838 scholis
797 3773 934 3857 alicujus
966 3774 1118 3860 Magistri
1130 3745 1344 3841 Mdiirihwlm

60 3882 199 3949 artium.
245 3875 416 3958 Quilibet⁵
439 3877 539 3941 etism
558 3898 624 3961 pro
647 3897 679 3939 sc
702 3875 981 3940 determinaturus
1004 3898 1061 3961 per
1083 3900 1117 3940 sc

61 3983 193 4052 scholas
227 3981 356 4058 lrabeat,
380 4001 439 4044 noc
470 3978 559 4058 alibi,
583 4000 681 4063 quam
712 3976 770 4042 ubi
793 3978 1044 4041 continuaturus
1067 3985 1117 4042 cst

61 4110 127 4178 per
148 4090 254 4150 totam
279 4081 577 4169 Qrmdrngesimam,
602 4080 819 4145 determinare
840 4087 1026 4164 praesumat.

100 4384 243 4445 'Primum
272 4384 347 4437 MS:
377 4384 525 4447 apparently
558 4388 596 4431 n!
650 4380 705 4430 Ἀ.
729 4383 791 4432 adds
812 4388 920 4430 necatur
937 4382 1021 4433 before
1038 4383 1117 4433 etser-

57 4464 170 4521 clericul
195 4478 266 4515 error
287 4464 328 4513 sor
349 4479 443 4521 nonum,
465 4478 505 4512 see
530 4462 573 4512 the
618 4468 692 4519 relpr.

56 4552 204 4601 statuteon
215 4560 239 4607 p.
252 4548 406 4607 240‚supru.
593 4552 596 4593 ς
650 4540 886 4597 ‘cletcrnu'nnlorm
896 4540 928 4590 B.

95 4629 109 4657 ²
121 4632 231 4683 acmes,
252 4622 295 4684 A„
307 4637 335 4671 as
354 4622 425 4671 usual
445 4621 573 4671 wlrcrcvor
592 4596 596 4677 l
649 4621 659 4648 ³
670 4617 769 4683 quilibet
779 4619 806 4669 in
816 4619 857 4669 the
868 4618 974 4685 margin,
982 4620 1016 4670 A.

57 4710 110 4762 the
123 4704 195 4755 rrord
206 4716 295 4753 occurs
306 4701 334 4751 in
345 4701 388 4752 the
400 4700 455 4753 MS.
591 4682 596 4757 l
