3090 5490
364 714 428 775 102
511 728 605 776 nrnnr
629 723 861 777 caucsmsrus
884 724 927 774 rr
950 721 1242 775 rnocuaaroauu.

360 903 524 989 pmdictis
547 902 722 990 Magistris,
738 906 899 989 quantum
920 888 1240 990 comprobationem¹
1257 895 1404 962 omnium

359 1010 394 1070 et
410 1005 619 1093 ,singulorum
641 1005 854 1073 articulorum
877 1005 1115 1095 praedictorum.

195 1332 281 1451 ὲ-ἒὲ-
717 1329 832 1397 Orsrn
858 1328 1049 1396 Rousum?

134 1517 345 1568 aracusiam.
403 1502 597 1590 Aspocturis
617 1506 653 1570 ct
666 1504 832 1570 auditoris
852 1509 1030 1591 praesentes
1052 1503 1165 1569 literas
1188 1500 1315 1568 Christi
1330 1499 1406 1565 fide-

358 1604 445 1670 libus
459 1606 631 1686 universis,
642 1606 665 1672 J
667 1606 814 1672 charmes
830 1606 972 1686 Luterel,
991 1604 1221 1686 Oancellarius,
1237 1608 1407 1689 coetusque

287 1710 293 1725 ⁴
359 1708 593 1794 Magistrormn
609 1708 848 1776 Universitatis
864 1710 1004 1776 Oxoniae
1019 1709 1193 1786 unanimis,
1208 1707 1351 1773 sadotem
1373 1708 1407 1771 in

358 1813 506 1877 omnium
529 1812 707 1880 Salvatore.

132 1906 284 2011 {imin
299 1960 324 2001 0,
408 1914 493 1981 Cum
525 1915 612 1980 inter
644 1922 765 1983 caetera
794 1916 926 2004 pietatis
957 1939 1055 2005 opera
1087 1915 1292 1983 Scholarium
1323 1913 1408 1979 indi-

132 1990 326 2111 ffiffiffl
357 2018 479 2103 gentiis
502 2018 676 2085 subvenire
698 2020 792 2107 pium
814 2021 946 2103 existat,
966 2021 1034 2107 qui,
1049 2026 1089 2085 ut
1111 2021 1146 2085 in
1169 2041 1247 2106 agro
1272 2016 1408 2082 Domini

132 2110 174 2203 {1¹22
182 2110 320 2204 ffiffii,
359 2120 504 2185 scicntiae
528 2122 741 2208 margaritam
764 2124 945 2208 acquirant,
969 2122 1143 2200 laboribus,
1168 2120 1409 2187 discriminibus

131 2209 309 2313 Rifflffio
358 2227 392 2286 ct
422 2223 577 2288 aerumnis
608 2225 708 2289 variis
739 2247 773 2289 se
800 2232 980 2312 exponunt,
1004 2225 1065 2290 hac
1096 2226 1199 2312 igitur
1226 2223 1408 2290 considera·

130 2312 306 2413 fflfffl'&
358 2324 449 2390 tione
472 2324 625 2391 dominus
650 2326 819 2392 Gilbertus
842 2328 883 2392 de
906 2327 1121 2405 Routheburi,
1144 2326 1409 2393 benevolentiam

131 2413 209 2455 ortuo
216 2413 266 2456 hun

131 2463 339 2515 mmmm„
358 2433 391 2493 et
429 2429 601 2516 specialem
638 2429 844 2497 affectionem
880 2431 923 2495 ad
954 2431 1131 2518 Magistros
1168 2435 1203 2496 et
1240 2429 1410 2497 Scholares

130 2514 312 2609 magma
358 2530 597 2598 Universitatis
627 2534 803 2600 antedictae
833 2534 1024 2622 concipiens,
1057 2535 1152 2600 nobis
1183 2534 1342 2599 ducentos
1376 2534 1409 2596 et

130 2615 177 2707 ,⁸3¹⁸
206 2616 345 2721 fflff’
357 2635 599 2723 quinquaginta
631 2659 756 2703 marcas
781 2637 1014 2724 sterlingorum
1040 2637 1180 2702 donavit
1202 2643 1236 2703 ct
1258 2636 1408 2718 tradidit,

129 2716 320 2813 fflihffiffltff
358 2759 438 2822 quas
475 2739 517 2804 ab
556 2738 669 2805 codem
707 2741 966 2827 recognoscimus
1002 2762 1062 2806 nos
1098 2739 1250 2805 habuisse
1287 2746 1323 2806 et
1360 2762 1409 2806 re-

129 2817 332 2915 ,sagmen
357 2839 487 2926 cepisse,
518 2841 556 2906 in
594 2842 724 2908 duabus
755 2843 844 2909 cistis
879 2842 1125 2922 conservandas,
1157 2865 1225 2907 una
1253 2842 1410 2909 videlicet

128 2918 298 3021 ttritbtytt
356 2941 574 3007 ducentarum
605 2967 796 3024 marcarum,
828 2945 893 3010 alia
923 2945 1167 3033 quinquaginta
1203 2967 1410 3026 marcarum

128 3018 275 3071 defraylegnl
757 3047 765 3062 .
1261 3047 1269 3062 .
1361 3049 1393 3063 ..

128 3080 254 3122 expensa,
356 3065 495 3128 quarum
522 3067 597 3124 una,
622 3068 697 3131 quas
720 3052 784 3114 ent
804 3047 1021 3114 ducentarum
1043 3069 1235 3129 marcarum,
1259 3070 1296 3112 m
1317 3050 1409 3114 utilr-

355 3151 458 3210 tatem
490 3146 725 3234 Magistrorum
756 3157 790 3215 et
817 3150 1021 3216 Scholarium
1053 3150 1292 3216 Universitatis
1326 3173 1410 3238 prue-

355 3248 452 3314 dictae
471 3257 682 3316 convertetur
705 3254 766 3317 sub
790 3253 894 3319 forma
916 3254 1053 3319 inferius
1076 3259 1243 3333 annotata,
1259 3253 1325 3317 alia
1348 3255 1410 3319 sub

354 3353 468 3417 cadem
493 3353 619 3435 forma3
643 3355 703 3421 hoc
731 3355 871 3442 adjecto,
895 3358 983 3442 quod
1013 3358 1040 3421 si
1064 3356 1236 3443 contingat
1263 3355 1410 3421 Univer-

352 3457 495 3534 sitatom,
512 3457 565 3521 vel
587 3464 721 3545 propter
735 3459 839 3538 litem,
854 3459 908 3525 vel
929 3461 1008 3525 alias
1028 3483 1149 3536 causas,
1165 3459 1307 3546 pecunia
1323 3459 1412 3526 indi-

354 3582 437 3646 gere,
470 3559 620 3646 praestita
654 3562 806 3627 cautione
833 3561 1015 3642 sufficienti,
1047 3563 1151 3650 possit
1182 3567 1287 3627 totam
1317 3560 1411 3628 illam

357 3685 518 3727 summam
542 3664 785 3752 quinquaginta
807 3688 998 3743 marcarum,
1021 3665 1075 3729 vel
1103 3669 1229 3753 partem
1253 3664 1413 3751 ejusdem,

356 3769 524 3834 nurtuari:
549 3768 598 3833 ita
618 3768 735 3856 [quod]
753 3791 828 3835 curn
844 3771 1080 3834 denunciatum
1103 3769 1203 3834 fuerit
1218 3768 1413 3836 custodibus

357 3872 446 3937 cistae
471 3870 559 3936 illius
587 3894 644 3958 per
672 3871 910 3937 Canceilarium
939 3878 973 3938 et
998 3873 1227 3937 Procuratores
1258 3872 1300 3937 dc
1325 3872 1415 3938 Uni-

356 3975 523 4039 vcrsitatis
539 3974 724 4060 indigentia
737 3974 893 4053 instante,
905 3974 959 4039 vel
975 3997 1048 4061 quae
1063 3975 1177 4039 futura
1188 3974 1415 4043 verisimiliter·

357 4079 522 4152 timeatur,
554 4100 596 4140 ex
628 4083 707 4142 tunc
737 4100 804 4142 non
837 4078 936 4143 liceat
968 4077 1158 4143 custodibus
1189 4077 1288 4143 dictae
1318 4080 1413 4147 cistae

357 4180 537 4266 quidquam
561 4178 729 4264 Magistris
752 4186 812 4244 aut
828 4180 1039 4246 Scholaribus
1061 4186 1221 4258 mutuare,
1240 4203 1413 4271 quousque

358 4306 415 4370 pcr
439 4280 675 4348 Cancellarium
690 4288 724 4347 et
751 4282 981 4350 Procuratores
1003 4283 1127 4349 fuerint
1149 4285 1365 4371 praemunitis

380 4493 526 4500 ..--..-...
554 4493 602 4499 -.-
638 4491 771 4502 m*
862 4496 976 4504 ..---.
1000 4499 1003 4502 .

408 4643 414 4671 ¹
427 4638 633 4706 reprobationem?
890 4641 895 4710 1
959 4644 968 4673 ²
981 4642 1048 4696 Titlc
1058 4645 1123 4695 from
1136 4645 1163 4697 C.
