3036 5468
408 661 450 725 62
574 673 666 725 mam
689 675 913 725 cancmmmr
938 675 979 723 nr
1001 673 1293 726 raocmmsurr.

244 1015 330 1134 &pp
431 1006 630 1075 Oamnnrro
653 1008 806 1075 Douma
830 1009 913 1074 Eun
937 1009 1134 1076 Courrrssa
1157 1004 1432 1076 unwanum

269 1121 275 1132 ·
321 1120 328 1132 ·
837 1129 883 1176 ns
910 1127 1012 1178 c1sra

216 1283 284 1334 an.
298 1289 368 1336 rsaa.
449 1269 641 1354 Aspeoturis
655 1269 709 1334 vel
724 1270 887 1336 audituris
901 1277 1080 1357 praesentes
1101 1269 1215 1335 literas
1230 1268 1362 1335 Christi
1377 1269 1460 1336 fide

404 1368 491 1435 libus
512 1371 683 1450 universis,
715 1372 839 1457 Symon
872 1372 1089 1438 cancellarius
1120 1371 1259 1438 Oxcniaa
1284 1376 1461 1457 ooetusqne

406 1472 637 1560 Magistrorum
660 1476 825 1539 unanimis
846 1474 985 1540 salutem
1008 1475 1045 1540 in
1068 1475 1215 1540 omnium
1235 1471 1433 1539 Salvatcra¹

180 1580 386 1688 gwgpffig}
449 1575 570 1662 Ampla
589 1577 707 1641 caritas
729 1576 849 1642 nobilis
875 1578 1017 1644 dominae
1039 1584 1075 1643 at
1095 1575 1284 1642 reverendae
1299 1574 1460 1641 Dominae

180 1681 351 1826 „effatam
407 1678 477 1743 Elae
493 1677 715 1766 Longespere⁹
734 1680 916 1746 Comitissae
932 1680 1135 1766 Warrewyk,
1151 1678 1297 1765 inopiam
1319 1676 1458 1744 Schola·

179 1784 347 1888 burdii„
404 1780 490 1844 rium
507 1780 646 1846 Oxoniaa
668 1781 871 1845 studentium
894 1782 1081 1848 nullatenus
1102 1778 1197 1868 pasta
1219 1800 1356 1846 suorum
1377 1800 1456 1867 ops-

180 1886 354 1987 “hfflffiss‘
404 1904 478 1946 rum
500 1882 727 1948 misericordiae
758 1885 970 1970 inexpertem,
1002 1885 1081 1970 ipsis
1113 1882 1288 1949 subvenire
1318 1881 1457 1948 studuit

178 1983 344 2089 ciffiffi’
404 1982 496 2069 larga
517 2005 625 2048 manu.
672 1985 748 2070 Ipsa
769 1992 887 2063 autem,
903 1986 1062 2052 bonorum
1080 1984 1310 2073 temporalium
1332 1983 1456 2050 libera-

405 2084 534 2161 lissima,
559 2107 597 2150 ac
630 2086 851 2172 spiritualium
882 2088 982 2153 avida
1010 2087 1250 2167 beneficiorum,
1274 2084 1456 2152 Univcni·

404 2187 484 2250 tatis
506 2193 626 2252 nostrae
649 2189 794 2275 amplum
816 2190 878 2254 sibi
901 2192 1049 2276 praestari
1071 2190 1281 2277 participium
1304 2188 1456 2255 devotis-

404 2288 484 2353 sima
514 2288 704 2376 postulavit
763 2291 834 2357 Nos
871 2290 990 2377 ipitar,
1023 2297 1153 2358 attenta
1188 2291 1453 2357 consideratione

404 2390 594 2478 diligentius
616 2392 825 2458 advertentes
858 2395 961 2481 ipsius
990 2395 1206 2470 devotionem,
1228 2391 1453 2468 nobilitatem,

239 2503 274 2553 A.
287 2505 327 2555 67.
404 2498 438 2558 et
460 2493 669 2559 caritativam
691 2494 934 2576 liberalitatem,
967 2519 1094 2563 necnon
1125 2504 1159 2561 et
1189 2494 1297 2561 nostri
1326 2493 1452 2560 nedum

176 2658 225 2703 ,m
242 2569 324 2622 Μ’
404 2596 601 2684 temporalis,
623 2618 737 2663 verum
761 2599 869 2675 etiam,
891 2605 1056 2686 praetextu
1085 2595 1370 2685 indulgentiarum
1392 2618 1453 2683 pro

178 2658 369 2805 ΨΜ
404 2720 442 2764 ea
464 2701 674 2765 exorantibus
696 2722 927 2783 concessarum,
951 2701 1130 2789 spiritualis
1159 2699 1321 2765 commodi
1347 2699 1452 2765 incre-

178 2811 365 2905 ffimmffi
404 2807 560 2881 mentum,
597 2825 795 2888 quamquam
832 2810 966 2892 propter
1001 2802 1150 2869 caritatis
1187 2801 1450 2868 communionem

124 2931 128 2939 ·
176 2911 384 3013 affimssoegw
403 2926 475 2969 earn
498 2926 564 2969 non
586 2903 691 2969 solum
714 2907 826 2985 nostri,
843 2928 958 2971 verum
980 2907 1080 2971 etiam
1103 2905 1250 2970 omnium
1267 2902 1449 2969 Dominum

177 2974 379 3104 fflffiffimffl
403 3005 601 3081 timentium,
623 3007 815 3093 participem
838 3009 1043 3087 aestimemus,
1065 3030 1106 3073 ex
1128 3007 1315 3072 intentione
1336 3011 1451 3071 tamon

176 3112 298 3156 owe-stone·
404 3111 517 3169 nostra
547 3106 584 3170 in
615 3128 687 3171 eam
726 3109 898 3176 caritative
930 3112 1060 3189 directa,
1093 3130 1225 3197 operum
1258 3113 1449 3173 nostrorum

405 3207 556 3272 videlicet
578 3208 614 3270 in
638 3210 848 3290 orationibus,
871 3213 1091 3293 lectionibus‚⁸
1105 3212 1220 3289 missis,
1236 3209 1449 3298 processioni·

403 3309 473 3386 bus,
496 3314 531 3374 et
552 3309 626 3374 aliis
653 3311 856 3394 quibuslibet
878 3316 1053 3381 meritoriis
1085 3314 1252 3380 laboribus
1283 3313 1449 3399 impenso·

241 3421 271 3471 Β,
285 3426 324 3472 aa.
404 3434 485 3489 rum,
508 3413 676 3498 specialius
699 3420 733 3478 et
755 3419 947 3503 propensius
969 3440 1041 3483 eam
1063 3438 1132 3482 ease
1154 3415 1348 3503 participem
1372 3436 1449 3480 con·

177 3507 372 3612 fflffimififfi,
403 3514 547 3580 cedimus
578 3521 612 3580 et
644 3521 802 3601 optamus.
863 3519 949 3600 Quia
982 3543 1060 3586 vero
1092 3520 1182 3585 dicta
1206 3518 1363 3583 ⁴domina
1387 3516 1450 3582 Ela

178 3610 365 3715 imm,
402 3619 576 3704 quamdam
607 3641 768 3683 summam
800 3623 945 3708 pecuniae
980 3622 1187 3689 Scholaribus
1220 3619 1450 3708 indigentibus

175 3712 382 3815 fflbffhffffi,
402 3721 595 3787 trudendam
616 3729 739 3799 mutua,
764 3726 939 3789 secundum
958 3725 1093 3790 formam
1116 3730 1238 3790 tactam
1261 3722 1297 3787 in
1312 3723 1449 3808 quibus-

194 3815 372 3908 0,l,‘',¹,²,¹,¹,'¹,⁰{,'²¹¹
403 3826 478 3889 darn
501 3826 574 3890 aliis
596 3825 716 3890 nostris
742 3825 842 3907 libris,
866 3827 1044 3891 liberaliter
1065 3827 1221 3913 erogavit,
1243 3824 1450 3890 concorditer

175 3915 344 4020 ssssfffflssl
404 3927 643 3995 ordiruaaa'maa
665 3935 703 3994 ut
726 3930 921 4014 quicumque
944 3935 1060 3993 mutuo
1083 3928 1123 3994 de
1143 3927 1280 4013 pecunia
1308 3926 1450 4014 recipiet

436 4272 442 4300 ¹
455 4270 604 4333 adunarem,
616 4274 659 4321 but
670 4276 806 4334 corrected,
820 4274 853 4324 A.
944 4276 1049 4340 making
1060 4290 1110 4339 nny
1121 4289 1228 4336 erasure,
1240 4274 1389 4328 lectionibus.
1417 4278 1449 4332 C.

944 4355 988 4405 has
999 4353 1059 4404 both
1071 4356 1159 4404 words.

976 4436 985 4463 ⁴
996 4435 1023 4482 A
1033 4433 1158 4498 fragment
1180 4433 1211 4484 of
1227 4433 1279 4484 this
1301 4437 1451 4507 document,

435 4506 489 4556 Ἀ.
501 4508 546 4557 has
557 4505 720 4568 brittonibus,
732 4510 782 4558 and
794 4511 898 4560 another
943 4513 1082 4577 beginning
1101 4513 1162 4563 with
1180 4512 1224 4563 the
1242 4515 1324 4565 words
1335 4513 1450 4568 Domina

402 4587 471 4638 hand
489 4586 535 4636 has
553 4587 652 4639 written
671 4588 775 4650 averit,
793 4590 897 4641 without
943 4591 1003 4651 Eln,
1016 4593 1038 4641 is
1049 4594 1075 4642 in
1086 4593 1116 4642 B.

433 4389 443 4417 ²
454 4386 614 4455 longespeye,
625 4388 653 4440 C.
