3090 5490
367 691 409 754 60
528 704 622 753 nmnr
645 702 874 754 carentiam
897 704 939 752 nr
960 703 1246 754 rsoconnronun

364 899 574 956 commatum,
592 879 649 945 sed
669 879 808 966 quilibet
830 879 937 946 socius
960 879 1003 945 ad
1025 880 1086 944 hoc
1103 879 1201 966 juvet
1222 878 1405 966 diligenter,

363 987 398 1046 et
430 982 493 1047 hoc
530 983 673 1047 maxime
708 982 796 1068 quod
833 1003 900 1047 non
931 981 1094 1049 excedant
1123 982 1160 1046 in
1194 981 1405 1058 hebdomada

362 1089 482 1170 praeter
518 1083 608 1150 tres¹
647 1084 843 1171 principales
880 1085 1089 1170 septimanae,
1126 1084 1338 1172 singulariter
1372 1083 1405 1148 in

362 1184 462 1250 bursa
493 1186 658 1251 communi
691 1186 862 1252 duodecim
899 1187 1082 1274 sterlingos,
1111 1187 1176 1252 nisi
1212 1187 1316 1254 fuerit
1351 1208 1405 1273 pet

364 1287 625 1354 Universitutem
660 1289 707 1354 eis
741 1289 977 1376 dispensatum,
1008 1295 1043 1355 et
1074 1288 1117 1354 ad
1149 1289 1211 1354 hoc
1245 1293 1405 1354 statutum

362 1390 545 1475 specialiter
579 1413 653 1456 cum
678 1391 752 1456 aliis
783 1393 949 1457 consuetis
974 1393 1065 1456 omni
1091 1412 1179 1457 anno
1196 1390 1312 1477 juret²
1336 1390 1405 1479 pin·

363 1514 459 1558 cerna
480 1493 614 1559 eorum³
636 1493 672 1558 in
695 1494 764 1580 ejus
786 1493 994 1560 admissione.

134 1616 345 1661 mansuerus
408 1596 433 1661 I
431 1603 504 1672 tem,
519 1617 593 1662 cum
607 1595 688 1662 dicti
703 1596 872 1663 Scholares
887 1597 1036 1662 nondum
1051 1597 1176 1663 habent
1189 1596 1277 1662 unde
1297 1616 1356 1682 per
1372 1616 1405 1662 se

132 1667 343 1812 {2⁰25AEth
363 1699 448 1764 solos
465 1697 593 1763 utiliter
606 1699 734 1780 vivant,
751 1700 808 1765 sed
829 1698 1029 1785 aliquando⁴
1044 1698 1091 1764 eis
1107 1698 1241 1785 expedit
1255 1697 1338 1763 alios
1359 1719 1405 1764 se·

133 1767 262 1864 llhllll‘
279 1780 292 1812 ⁰
362 1824 436 1867 cum
451 1801 604 1866 honestos
620 1803 821 1882 commorari,
836 1802 1040 1867 ordinatum
1054 1807 1100 1866 est
1115 1801 1204 1887 quod
1215 1801 1307 1866 omni
1321 1822 1405 1867 anno

361 1905 402 1969 de
426 1925 628 1990 quocumque
651 1904 841 1968 commorari
863 1905 997 1969 volente
1027 1908 1193 1990 quaeratur
1221 1908 1345 1969 secrete
1365 1902 1405 1969 ab

134 2039 245 2083 noma
255 2039 321 2084 enon
360 2007 450 2071 omni
467 2007 552 2071 socio
574 2006 615 2070 de
637 2005 783 2089 ejusdem
799 2007 953 2082 moribus,
968 2011 1003 2071 et
1018 2011 1105 2082 tunc,
1122 2005 1236 2070 habito
1251 2006 1403 2071 unanimi

132 2090 278 2185 ,²2th
360 2129 526 2185 consensu,
540 2107 726 2193 recipiatur,
750 2109 779 2172 si
801 2109 915 2185 velint,
930 2109 993 2174 sub
1015 2107 1077 2173 hac
1098 2107 1296 2188 conditione,
1319 2109 1405 2195 quod

358 2211 429 2298 ipse
450 2210 540 2276 idem
571 2231 680 2275 eoram
713 2211 759 2275 eis
793 2212 969 2298 promittat
999 2234 1032 2276 se
1063 2211 1198 2276 honeste
1228 2211 1405 2277 secundum

358 2312 610 2378 consuetudines
643 2313 803 2377 sociorum
840 2318 989 2400 tempore
1026 2335 1093 2379 suae
1131 2334 1232 2378 morae
1273 2313 1405 2400 pacifice

358 2414 533 2492 victurum,
549 2413 662 2479 debita
684 2414 879 2492 soluturum,
895 2416 993 2480 rebus
1016 2414 1132 2480 domus
1154 2415 1268 2479 necin
1290 2436 1326 2480 se
1348 2437 1405 2480 nec

358 2516 422 2583 sibi
444 2516 687 2582 adhaerentibus
717 2517 926 2599 nociturum3
951 2521 985 2582 et
999 2517 1061 2582 hoc
1090 2515 1175 2581 fiat⁶
1205 2518 1297 2581 omni
1319 2539 1405 2582 anno

358 2626 436 2686 ante
461 2619 678 2686 Pentecosten
704 2619 733 2685 si
757 2620 924 2685 commode
955 2620 1086 2705 poterit,
1109 2639 1151 2683 ne
1175 2619 1291 2685 domus
1315 2620 1405 2706 pejtu

359 2726 534 2810 occupetur
556 2721 610 2786 vel
632 2721 781 2786 debilius.

129 2837 339 2942 Apffihoffllffin
404 2824 500 2901 Item,
530 2846 642 2890 omnes
673 2825 752 2889 socii
783 2824 900 2889 domus
929 2845 1014 2910 saepe
1038 2823 1194 2889 Latinum
1219 2825 1404 2910 loquantur,

130 2903 141 2933 ⁸
197 2902 209 2932 ⁸
341 2920 397 2993 'ut
421 2928 526 2992 eisin
549 2927 774 3013 disputatione
803 2932 838 2991 et
860 2925 934 2990 aliis
956 2925 1034 2990 locis
1064 2927 1258 3013 opportunis
1280 2927 1405 2993 facilior

359 3035 393 3095 ot
414 3029 596 3116 promptior
618 3051 655 3094 ac
677 3028 844 3093 honestior
865 3029 980 3093 modus
1002 3029 1158 3114 loquendi
1178 3027 1362 3096 habeatur.⁰

129 3133 301 3183 uhoymaynot
405 3131 501 3208 Item,
532 3131 650 3196 vivant
679 3152 790 3195 omnes
815 3131 951 3195 honeste
981 3136 1020 3195 ut
1049 3131 1163 3209 clerici,
1187 3135 1288 3216 prout
1313 3132 1404 3197 decet

130 3183 188 3273 llpht
203 3194 245 3224 nor
252 3194 291 3223 uso

129 3214 347 3333 ssgsssslillffflffigssg·
359 3239 497 3312 sanctos,
520 3253 588 3297 non
618 3238 813 3319 pugnantes,
845 3254 912 3297 non
950 3233 1100 3298 scurrilia
1128 3232 1181 3297 vel
1217 3234 1330 3320 turpia
1358 3234 1403 3298 lo

130 3347 170 3426 {⁴¹22
196 3333 310 3432 tbssifllr
359 3341 503 3420 quantes,
536 3358 602 3400 non
634 3336 815 3401 cantilenas
852 3336 922 3400 sive
960 3335 1087 3399 fabulas
1118 3335 1159 3399 de
1189 3337 1321 3400 amasiis
1351 3337 1403 3400 vel

128 3433 295 3537 (flffigffilffh
358 3438 543 3515 luxuriosis,
559 3443 618 3503 aut
640 3439 683 3503 ad
704 3438 876 3504 libidinem
898 3438 1092 3502 sonantibus
1109 3436 1307 3515 narrantes,⁷
1329 3461 1403 3503 can·

357 3546 475 3622 tontes,
506 3549 565 3606 aut
594 3542 735 3606 libenter
761 3541 942 3616 audientes
965 3562 1033 3605 non
1057 3540 1233 3605 irridentes
1259 3543 1313 3606 vel
1343 3542 1400 3606 ali·

356 3668 453 3730 quem
475 3646 518 3710 ad
550 3646 632 3709 iram
661 3649 839 3720 moventes,
864 3665 931 3708 non
954 3644 1142 3722 clamantes,
1166 3648 1205 3708 ut
1229 3645 1400 3711 studentes

351 3775 371 3813 a
395 3749 505 3814 studio
528 3747 581 3813 vel
604 3748 713 3832 quiete
736 3746 967 3831 impediantur.

354 3978 963 3989 ——-——-—--————--

387 4136 437 4184 1Β.
450 4136 495 4185 has
515 4135 557 4183 the
574 4131 705 4196 following
717 4131 798 4180 words
810 4151 850 4181 :-
928 4135 938 4162 ³
960 4133 990 4181 B.
1020 4132 1065 4182 has
1086 4132 1137 4197 ejus
1160 4130 1185 4180 in
1205 4148 1286 4182 eorum
1311 4133 1400 4184 admis-

352 4218 446 4268 Proeter
464 4219 489 4266 in
504 4213 655 4281 principales
672 4214 787 4278 septimus
802 4215 851 4260 sin·
895 4213 968 4260 sione.

351 4295 402 4361 puli
419 4298 443 4343 in
458 4294 532 4343 bursa
553 4293 626 4356 quusi
646 4290 774 4350 duodecim,
798 4292 850 4339 ilem
873 4294 874 4321 l
930 4289 1021 4340 *olunt
1056 4292 1214 4349 A.2B.‚and
1228 4292 1258 4343 C.

352 4377 408 4431 nisi,
424 4378 485 4429 ἕως
504 4373 553 4421 and
567 4371 593 4420 (l.
606 4371 652 4419 has
664 4371 708 4419 thc
719 4385 793 4419 sume.
873 4372 875 4431 f
929 4372 938 4399 ³
952 4372 979 4420 B.
993 4373 1042 4420 und
1055 4371 1082 4420 C.
1096 4372 1157 4420 omit
1162 4372 1221 4433 fiat.

384 4455 440 4502 ‘²A.
460 4454 522 4502 adds
546 4451 609 4500 alter
620 4451 689 4514 juret
708 4449 750 4498 the
771 4452 852 4499 words
872 4450 875 4493 ἷ
929 4448 1074 4509 “hubertum
1091 4451 1121 4498 B.
1134 4451 1184 4498 and
1197 4451 1225 4501 C.

350 4540 379 4583 dc
395 4549 534 4597 qrroqrmque
550 4531 698 4589 curticlorum}
715 4529 798 4579 which
810 4547 852 4580 urc
872 4568 874 4605 Ι
930 4531 1114 4591 ⁷narrunlibus‚
1132 4530 1164 4579 B.

350 4615 436 4664 erased
447 4629 476 4663 or
486 4612 591 4662 marked
602 4626 629 4660 us
640 4609 762 4674 spurious.
