3036 5468
353 674 417 737 318
517 686 611 737 nrmu
634 686 862 737 cascuamnu
887 688 928 735 rr
950 686 1245 736 rnocunaronuu.

124 879 252 974 {¹3th
260 881 334 973 gone
351 861 474 927 tiarum
507 861 643 939 Bedelli,
678 883 737 948 pro
769 864 850 926 tunc
887 860 975 926 infre
1012 861 1287 927 Universitatem
1324 862 1400 928 exis·

162 980 324 1081 amodum
351 968 459 1028 tentes
483 970 516 1029 et
543 985 635 1027 suam
661 962 868 1049 diligentiam
895 963 1097 1041 exhibentes,
1114 963 1307 1052 percipiant
1329 964 1401 1030 duos

124 1081 340 1176 fflffiffl,
352 1065 510 1145 denarios,
531 1071 571 1129 ut
595 1088 632 1130 eo
656 1065 788 1130 fidelius
808 1087 846 1130 ae
868 1066 1064 1151 diligentius
1079 1065 1124 1131 od
1139 1088 1256 1153 pacem
1281 1089 1399 1134 conser-

125 1180 327 1286 {ffiffissfflw
351 1167 495 1233 vendam
532 1189 608 1232 suos
638 1164 766 1232 labores
795 1171 974 1253 apponant.
1035 1166 1114 1233 Alia
1152 1172 1271 1235 autem
1310 1170 1399 1236 tertia

265 1265 271 1285 ’
350 1269 513 1336 dictarum
536 1269 750 1358 pecuniarum
770 1269 806 1335 in
822 1290 900 1335 usus
925 1268 1170 1336 Universitatis
1185 1269 1321 1361 integra
1335 1290 1400 1339 eon-

350 1377 510 1439 vertatur.

124 1576 205 1629 anau
216 1576 339 1623 thecuen-
395 1566 449 1645 Et,
463 1566 506 1631 ad
521 1564 580 1630 has
595 1568 775 1652 presentes
790 1564 1016 1630 ordinationes
1038 1570 1203 1650 quantum
1227 1568 1273 1634 ad
1296 1588 1398 1635 ornnes

126 1628 200 1679 cellar.
208 1640 234 1671 or
242 1629 283 1672 tho

124 1678 426 1781 mqguttqqrsuas
447 1665 625 1754 particulas
646 1665 767 1731 futuris
789 1663 994 1752 temporibus
1021 1666 1148 1733 firmius
1171 1669 1398 1747 observandas

124 1779 339 1875 ssflssffllssh?
349 1769 473 1837 uoluit
494 1774 524 1836 et
545 1767 689 1835 chasuit
712 1767 924 1834 Universitas
954 1769 1122 1857 praedicta,
1146 1773 1240 1857 quod
1265 1776 1296 1839 si
1319 1775 1395 1842 Oan-

123 1882 325 1984 gpffiqnffi
349 1871 498 1938 cellarius
521 1872 574 1937 vel
604 1871 723 1957 aliquis
752 1870 938 1957 quicunque
963 1871 1035 1958 ejus
1058 1872 1324 1956 Commissarius,
1345 1882 1396 1943 sut

124 1981 313 2076 {lffitghssb
350 1974 579 2041 Procuratores
594 1979 654 2039 eut
668 1995 781 2039 eorum
796 1972 983 2055 substituti,
1005 1975 1064 2061 qui
1088 1997 1147 2062 pro
1162 1981 1316 2064 tempore
1336 1980 1394 2047 fue

124 2083 338 2184 gqqctffifflgm
349 2077 427 2152 rint,
443 2077 527 2141 circa
550 2076 655 2141 dictas
673 2081 951 2162 transgressorum
966 2077 1184 2162 punitionem,
1200 2083 1394 2148 exactionem

123 2182 329 2233 mursensem
349 2185 383 2243 et
419 2178 615 2242 levationem
646 2176 808 2242 dictarum
846 2179 1068 2264 pecuniarum,
1100 2186 1139 2245 ut
1177 2185 1396 2267 praemittitur,

349 2278 598 2357 forisfactorum,
621 2278 826 2366 negligentes
848 2278 902 2345 vel
933 2281 1059 2346 remissi
1083 2283 1303 2368 reperiantur,
1328 2308 1395 2352 ean·

348 2382 420 2447 dem
444 2403 614 2461 summam,
638 2386 677 2445 ut
699 2382 928 2468 praemittitur,
949 2382 1150 2449 forisfactum
1174 2385 1393 2455 Universitati

121 2516 151 2548 sn
182 2504 313 2550 rortneds·
349 2486 390 2550 de
413 2485 552 2572 propriis
574 2484 699 2549 solvere
725 2488 910 2549 teneantur.
950 2484 1058 2565 Quam
1079 2486 1213 2571 quidem
1235 2491 1395 2579 negliges·

122 2619 137 2650 a
178 2556 431 2659 “mitilianum
455 2596 489 2653 et
514 2586 740 2653 remissionem
764 2586 896 2673 probari
923 2588 1045 2652 statuit
1071 2587 1288 2658 Universitas
1317 2616 1395 2680 prae·

121 2658 295 2753 &siffis
348 2692 437 2756 dieta
466 2713 524 2777 per
554 2688 701 2753 debitam
732 2693 766 2752 et
795 2689 948 2754 strictam
976 2689 1238 2775 inquisitionem,
1263 2695 1397 2785 singulis

121 2760 443 2905 bffffibib‘ffiqoannis
458 2794 494 2857 in
518 2787 688 2878 eomputo¹
715 2790 969 2856 Procuratorurn
985 2814 1043 2877 per
1065 2793 1234 2860 auditores
1257 2796 1397 2883 ejusden

121 2893 320 3012 ffi'ffiffi,‚
348 2895 493 2982 computi
524 2895 586 2960 sub
615 2893 720 2958 forma
744 2913 818 2979 quae
843 2895 993 2979 sequitur
1015 2895 1209 2975 faciendam,
1237 2899 1397 2975 videlicet,

122 3012 176 3105 qqtvn
193 3012 335 3106 ”333th
348 2997 435 3082 quod
460 2995 601 3082 quilibet
624 2993 849 3060 Cancellarius
872 3018 930 3083 pro
954 3018 987 3062 se
1010 3002 1045 3062 et
1059 2999 1127 3065 suis
1151 2998 1399 3079 Commissariis,

121 3113 325 3205 gqqnggfflqi
348 3104 382 3163 et
413 3097 646 3163 Procuratores
677 3119 735 3182 pro
765 3119 799 3161 se
827 3103 861 3162 et
888 3100 956 3163 suis
986 3101 1188 3180 substitutis,
1221 3113 1255 3169 et
1279 3106 1398 3194 singuli

120 3213 327 3307 pgppgqqugeg
347 3199 471 3263 Bedelli
510 3221 568 3284 pro
599 3199 721 3284 seipsis,
753 3221 862 3264 coram
901 3202 1023 3266 eisdem
1053 3204 1271 3285 auditoribus,
1305 3212 1400 3274 tactis

120 3314 273 3407 miggin
283 3326 334 3367 may
347 3300 558 3366 saerosanctis
585 3298 783 3386 Evangeliis,
802 3301 967 3385 jurentur,
992 3306 1130 3390 quodsi
1155 3311 1321 3390 noverint,
1348 3311 1400 3377 rel

181 3392 186 3405 ¹
231 3397 236 3413 ’
345 3404 464 3489 aliquis
493 3424 604 3468 eorum
635 3404 773 3481 noverit,
805 3405 949 3490 aliquam
979 3429 1140 3473 summam
1164 3410 1277 3496 aliquo
1305 3415 1400 3480 modo

340 3508 441 3592 jarxta
473 3506 695 3571 ordinationes
726 3509 900 3592 praedictas
926 3509 1128 3576 forisfactum
1156 3519 1189 3578 et
1216 3537 1286 3580 non
1313 3518 1400 3583 leva·

344 3616 423 3685 tam,
445 3616 525 3673 tunc
548 3608 645 3673 dictis
668 3609 876 3673 auditoribus
900 3613 1035 3676 nomina
1058 3636 1272 3699 persona-rum
1297 3620 1400 3685 delin-

345 3713 518 3801 quentium
545 3719 604 3777 aut
630 3733 784 3799 personas
808 3712 1047 3798 delinquentes,
1075 3719 1172 3781 modo
1198 3741 1264 3803 quo
1292 3744 1401 3810 supra,

344 3816 488 3883 fideliter
510 3839 547 3881 ao
562 3814 632 3880 sine
647 3812 760 3879 fraude
775 3812 972 3880 revelabunt
988 3815 1038 3881 vel
1063 3819 1243 3902 revelabit,
1266 3828 1309 3888 ut
1324 3825 1401 3891 inde

344 3922 447 4006 possit
473 3918 605 4007 probari
626 3917 805 3996 evidenter,
829 3917 856 3982 si
884 3916 993 3982 dietus
1026 3920 1247 3988 (lancellsmus
1271 3932 1308 3991 et
1332 3928 1404 4015 ejus

346 4022 606 4102 Commissarius,
630 4028 664 4086 ot
685 4020 918 4085 Procuratores
943 4026 976 4086 ot
1001 4043 1114 4087 eorum
1138 4025 1316 4094 substituti
1345 4054 1405 4119 pro

345 4131 489 4211 tempore
513 4124 699 4200 existentes
716 4123 752 4187 in
779 4123 953 4210 praemissis
977 4124 1154 4211 diligentes
1177 4128 1306 4196 fuerint
1330 4158 1406 4202 nec·

118 4252 197 4301 suma.
210 4250 283 4294 onin-
344 4250 403 4307 ne;
427 4249 523 4312 (quaem
551 4225 605 4289 vol
636 4247 716 4310 quos
739 4225 846 4312 primo
871 4248 978 4290 eoram
1003 4226 1101 4292 dictis
1124 4230 1339 4302 auditoribus
1370 4238 1407 4305 in

117 4298 332 4401 sudditiiiiiiund
344 4328 526 4416 legitimam
558 4348 671 4391 eorum
702 4328 955 4410 excusationem,
981 4329 1130 4416 siquam
1162 4331 1305 4402 fortasse
1329 4342 1409 4409 alle·

402 4525 500 4535 .,.-—.
509 4526 512 4531 .
521 4525 583 4531 —-
589 4523 620 4530 .-
626 4522 747 4531 -·—.....-

778 4637 784 4665 ¹
797 4644 919 4702 compono,
932 4636 961 4688 0.
