3036 5468
297 713 393 761 cmm
416 711 641 761 careremus
665 713 707 761 rr
729 711 1016 763 procunsroaun
1118 700 1181 762 :335

128 883 238 947 bimus
261 889 296 947 et
318 884 473 948 faciemus
500 883 690 962 observari3
720 905 847 949 necnon
870 885 958 969 quod
986 883 1184 969 Capelianus
1195 895 1245 989 gp}
1245 895 1385 997 pffifflpho

130 985 372 1050 Universitatis
394 991 516 1050 nostae
539 985 714 1070 praediotae,
730 985 765 1049 in
786 986 990 1051 orationibus
1006 1007 1065 1071 pro
1087 987 1376 1089 bfflffitssgffifflffffissg

128 1086 309 1151 territoribus
348 1088 494 1173 ejusdem
536 1086 780 1152 Universitatis
813 1085 988 1151 scholatim
1027 1085 1184 1162 dicendis,
1195 1050 1288 1199 {333³
1284 1097 1381 1191 gliti

129 1188 305 1273 prefatum
343 1198 473 1274 patrem
511 1193 545 1253 et
583 1187 756 1254 dominum
786 1187 968 1253 Dominum
1002 1187 1184 1253 Henrieum
1196 1196 1410 1291 gggpppog1gggu

130 1290 340 1355 Cardinalem
372 1291 511 1377 singulis
542 1291 638 1355 annis
667 1290 865 1355 nominatim
888 1290 1379 1401 recommendabrmpffibgrhlm

129 1398 165 1456 et
188 1392 278 1456 ultra
303 1392 364 1457 hoc
388 1392 476 1457 idem
499 1392 696 1477 Capelianus
720 1392 960 1457 Universitstis
981 1396 1104 1457 nostrae
1127 1413 1186 1477 pro

130 1497 278 1578 tempore
301 1494 455 1573 existens,
480 1494 516 1556 in
539 1494 678 1579 singulis
704 1493 813 1557 missis
834 1493 902 1558 suis
927 1493 1015 1557 infra
1039 1493 1187 1559 Univer-

127 1594 264 1659 sitatem
292 1595 447 1670 dicendis,
469 1594 672 1659 mentionem
695 1594 746 1659 sui
768 1595 913 1660 nominis
936 1616 1125 1682 expressam
1148 1596 1185 1657 in
1196 1601 1400 1696 &suffigitur

128 1697 228 1760 certis
262 1698 413 1773 collectis,
445 1696 612 1778 videlicet,
644 1702 663 1731 “
678 1696 782 1776 Deos,
811 1694 871 1761 cai
898 1695 1119 1781 propriam,”
1149 1701 1185 1761 et
1196 1715 1290 1807 Ἠ,
1288 1702 1387 1797 offla

128 1798 205 1861 aliis
226 1798 479 1884 pertinentibus,
503 1799 758 1885 inperpetuum
781 1797 881 1863 faciet
907 1798 1088 1883 specialem.

186 1989 340 2074 Irisapcr
368 1988 616 2073 promittimus,
650 1988 740 2074 quod
774 1988 916 2073 quilibet
949 1988 1186 2055 Unive1sitatis
1197 1997 1388 2092 dtfflffiffi

127 2096 252 2156 nostra
267 2090 450 2177 graduatus
466 2092 583 2156 amodo
605 2089 851 2176 praedicaturus,
867 2091 902 2154 in
923 2090 1088 2176 suffragiis
1111 2099 1396 2201 ⁰011·,‘,2¹,⁰,¹,¹,¹g,⁵,⁰,r;¹,‘;¹,1·

126 2193 233 2257 suctis
265 2215 398 2257 suorum
425 2191 620 2257 solemnium
645 2213 840 2269 sermonum,
867 2193 918 2257 sui
945 2192 1104 2258 auditorii
1130 2200 1400 2294 po-pgrhttffiffi

77 2380 82 2387 .
127 2296 244 2380 pulum
279 2296 322 2359 ad
353 2296 472 2360 devote
502 2293 755 2380 supplicandum
786 2316 846 2379 pro
874 2296 988 2359 eodem
1019 2300 1114 2381 patre
1146 2318 1184 2362 ac
1197 2300 1273 2352 unu,

128 2399 264 2461 domino
288 2397 430 2462 Domino
454 2397 599 2462 Henrico
628 2396 798 2463 cardinali
826 2397 1002 2482 saepedicto
1034 2398 1084 2461 ita
1115 2420 1187 2483 spe-

127 2500 264 2575 cialiter,
299 2501 385 2564 sicut
415 2521 474 2584 pro
506 2499 618 2585 aliquo
650 2504 772 2564 nostrae
805 2498 903 2564 dictae
942 2499 1184 2565 Universitatis

127 2601 344 2676 benefactore,
379 2602 509 2686 publice
532 2602 569 2665 in
598 2604 793 2686 perpetuum
827 2601 1067 2665 exhortabitur.
1128 2600 1186 2667 Oe-

127 2711 239 2769 terum
269 2705 522 2790 benignissimos
554 2709 589 2769 et
620 2704 793 2790 praeclaros
815 2703 965 2770 dominos
999 2704 1184 2771 antedictos
1196 2715 1373 2765 tndmonover.

1196 2767 1361 2810 thosxoeutonr

128 2829 167 2871 ac
190 2807 271 2870 alios
294 2828 369 2871 cum
392 2807 438 2870 eis
469 2805 602 2892 praefati
633 2805 896 2871 reverendissimi
929 2806 1033 2893 patris
1064 2813 1099 2872 et
1126 2807 1412 2911 do-phlffieppffiffi

128 2908 212 2971 mini
237 2908 372 2971 Domini
399 2906 537 2972 Henriei
553 2906 740 2972 Cardiualis
766 2908 960 2972 testamenti
982 2912 1182 2989 executores,
1195 2917 1411 3013 ffiffipgffiguff

126 3015 264 3097 propter
286 3031 399 3074 eonun
429 3008 681 3073 beneficentiam
708 3010 811 3084 nobis,
835 3015 874 3073 ut
896 3009 1096 3095 praedicitur,
1119 3011 1181 3096 pie,
1378 3000 1384 3020 ’

126 3111 316 3189 liberaliter,
333 3116 368 3175 et
389 3131 544 3196 generose
560 3113 735 3188 ostensam,
753 3110 842 3174 inter
864 3111 1045 3197 praecipuos
1060 3120 1181 3178 nostrin

127 3212 370 3277 Universitatis
408 3212 631 3276 benefactores
664 3212 883 3288 admittimus,
915 3213 1038 3278 eisdem
1070 3236 1183 3279 conee-

128 3316 246 3379 dentes
269 3314 357 3397 quod
384 3313 532 3377 omnium
555 3312 787 3398 suffragiorum
811 3314 941 3399 piorum
966 3320 1000 3379 et
1022 3316 1183 3380 bonorum

129 3437 265 3501 operum
296 3437 574 3500 quorumcunque,
607 3436 682 3499 quae
715 3437 774 3500 pro
808 3414 1071 3481 benefactoribus
1101 3439 1184 3504 prte-

127 3518 226 3581 dieta
244 3516 481 3581 Universitatis
503 3516 539 3579 in
561 3520 729 3601 posterum
744 3516 837 3593 fient,
860 3538 986 3602 semper
1008 3518 1185 3605 participes

127 3618 348 3681 habebuntm.
395 3617 504 3697 Unde,
527 3621 565 3681 ut
587 3617 657 3682 haec
680 3617 792 3682 omnia
814 3622 849 3683 et
871 3617 1002 3705 singula
1016 3620 1183 3705 praemissa

128 3741 187 3805 per
210 3741 269 3783 nos
292 3740 443 3785 concessa
458 3741 479 3783 a
495 3720 592 3784 nobis
616 3724 650 3784 et
672 3720 911 3785 suecessoribus
934 3723 1055 3786 nostris
1078 3723 1184 3787 invio-

129 3820 275 3885 labiliter
298 3822 552 3907 inperpetuum
576 3821 803 3899 observentur,
827 3823 862 3885 in
884 3821 990 3887 forma
1012 3825 1185 3909 praemissa

126 3922 326 3988 auctoritate
348 3922 610 4009 congregationis
635 3922 835 4009 Regentium
851 3928 885 3987 et
901 3922 1181 4011 Non-regentium

127 4032 250 4090 nostae
267 4024 505 4089 Universitatis
527 4023 770 4090 ordc'rawimas
792 4031 822 4089 ct
844 4024 1078 4104 coiectasimas,
1094 4028 1182 4113 quod
1194 4046 1365 4093 murmont-

127 4128 295 4212 pnedictae
326 4132 449 4191 nostrae
484 4126 700 4191 concessionis
728 4131 825 4190 tenor
851 4126 892 4191 de
915 4128 1018 4193 verbo
1044 4129 1079 4192 in
1111 4100 1382 4210 ver-biiiffi'iiiiiio

128 4228 209 4292 bum
235 4229 270 4291 in
295 4228 443 4314 registris
466 4233 499 4292 et
534 4228 677 4293 archivis
709 4228 831 4293 nostris
861 4229 1023 4295 scribetur
1045 4236 1079 4296 et
1109 4254 1181 4319 per·
1193 4200 1390 4345 ffiteffigir

128 4336 227 4414 petuo
250 4330 445 4408 remanebit,
471 4337 506 4394 et
536 4334 575 4394 ut
605 4336 770 4395 statutum
793 4335 828 4395 et
850 4353 909 4416 pro
932 4337 1060 4398 statuto
1084 4333 1381 4445 didfflfflffffiffi

125 4430 367 4497 Universitatis
398 4437 520 4498 nostrae
547 4431 800 4519 iulrmgibiliter
823 4433 858 4497 in
888 4440 1050 4502 aetsrnum
1075 4402 1266 4502 obser-tiro
1292 4481 1297 4494 .

130 4534 268 4572 waldem·
