3036 5468
290 690 384 739 LIBRI
408 686 634 738 carentanum
659 687 700 735 ET
724 686 1009 737 PROCURATORUM.
1111 674 1175 739 233

120 858 289 923 minorum
304 856 455 933 Oxoniae,
470 856 613 921 Thomas
629 856 669 921 de
685 857 717 920 la
734 856 825 922 Mare
841 857 1018 922 vicecomes
1036 856 1176 923 Oxoniie

118 961 245 1047 recepit
262 959 493 1045 jmumentum
515 958 781 1024 subvicecomitis
804 959 855 1024 sui
879 959 1068 1025 stelionum
1081 958 1178 1024 mini-

120 1060 288 1129 strorum¹
306 1062 415 1137 castri,
433 1061 537 1147 juxta
550 1058 690 1125 fonnem
705 1060 953 1148 privilegiorum
970 1084 1067 1148 super
1082 1062 1143 1127 hoc
1157 1084 1179 1127 a

121 1164 258 1231 domino
280 1186 357 1249 rege
382 1162 607 1229 Universitati
631 1163 879 1241 concessorum,²
903 1163 946 1228 ad
975 1162 1178 1251 personalem

121 1266 375 1353 requisitionem
402 1265 546 1330 doctoris
575 1270 610 1329 et
640 1266 892 1331 Procuratorum
926 1266 1176 1353 praedictourm:

121 1367 397 1434 subviccoomites
420 1373 455 1432 et
477 1366 624 1431 ministri
642 1367 748 1453 jurati
770 1373 850 1433 sunt
872 1367 929 1433 isti
952 1368 1074 1454 scripti,
1097 1390 1179 1453 pire-

122 1469 275 1536 sentibus
309 1468 465 1534 omnibus
496 1468 648 1547 Bedellis,
683 1468 880 1534 Wilhelmus
912 1468 1061 1534 Chinnor
1093 1470 1178 1535 suu-

122 1574 314 1649 viccoomcs,
337 1576 373 1636 et
396 1576 546 1657 receptor
560 1570 668 1649 castri,
683 1570 834 1635 Adamus
849 1571 984 1638 clericus
999 1572 1039 1636 dc
1061 1577 1177 1649 castro,

122 1681 160 1741 et
183 1674 319 1740 clericus
352 1673 504 1739 scaccarii
539 1674 648 1753 castri,
679 1672 848 1739 «lohannes
893 1724 900 1740 .
945 1723 953 1740 .
998 1722 1005 1738 .
1050 1724 1058 1741 .
1102 1696 1179 1739 con·

122 1776 326 1843 stabularius
350 1782 384 1842 et
406 1774 578 1861 gaclerius.

122 2077 342 2142 Bscuecons
383 2091 423 2139 m
456 2074 648 2138 Tnuoeoer
688 2088 762 2137 aru
794 2072 957 2139 Maerens
999 2090 1043 2139 or
1085 2074 1181 2139 Aure
1252 2084 1333 2135 osa

139 2194 254 2245 susm
276 2194 370 2243 rare
392 2191 617 2241 rurnrnrxor
640 2192 684 2240 os
706 2175 915 2242 Bncnrmus
938 2193 977 2243 ru
1000 2177 1169 2243 Decorus
1247 2150 1281 2202 υ·
1294 2152 1333 2203 ⁷²·

170 2343 451 2423 illemorooduna,
473 2343 561 2429 quod
583 2363 672 2408 anuo
696 2342 830 2408 Domini
852 2342 1026 2409 millesimo
1055 2350 1368 2505 trecen-ppepqqqqqqu

123 2447 259 2515 tcsimc³
273 2446 523 2534 septuagesimo,
537 2446 656 2531 quinto
671 2444 812 2510 kalend:
828 2444 961 2532 Aprilis,
976 2445 1201 2513 melinctamt
1218 2461 1296 2515 colom
1302 2462 1350 2505 ⁸¹¹¹

175 2550 182 2563 .
349 2550 356 2563 .
458 2548 465 2561 .
634 2546 642 2561 .
884 2548 891 2561 .
940 2548 947 2562 .
1113 2550 1120 2563 ,
1192 2512 1384 2557 nannetum

116 2552 206 2638 ficet,
220 2571 279 2635 per
294 2549 565 2615 dehberatronem
580 2552 685 2613 totius
706 2554 966 2635 congregationis
982 2548 1180 2635 Regentrum
1190 2562 1400 2659 mmm

124 2653 275 2739 legitime
305 2651 487 2725 celebratae,
525 2650 611 2736 quod
643 2649 733 2714 inter
763 2672 972 2737 quoscunque
1014 2651 1181 2737 religiosos
1191 2663 1403 2767 {mmmmm

126 2756 163 2820 in
187 2754 417 2820 Universitate
452 2752 629 2839 contigerit
662 2751 761 2817 simul
791 2774 859 2817 esse
889 2752 1336 2861 Bael1ilario,augqpq3qcr

125 2862 329 2944 opponentes
362 2855 399 2919 iu
430 2854 596 2939 theologia
627 2854 681 2919 vel
716 2854 893 2940 Magistros
923 2854 957 2919 in
990 2854 1118 2920 artibus
1145 2862 1180 2922 et

126 2958 330 3023 Bachilarios
367 2957 404 3020 in
441 2956 587 3034 decretis,
622 2962 691 3020 tam
728 2954 905 3021 Bachilarii
943 2958 977 3022 in
1014 2957 1180 3044 theologia

126 3084 227 3148 quam
260 3066 463 3147 opponentes
497 3081 534 3123 ac
566 3058 668 3123 etiam
704 3058 855 3144 Magistri
887 3058 922 3123 in
947 3060 1075 3125 artibus
1097 3082 1182 3147 pm·-

126 3164 254 3229 l'erendi
278 3170 358 3227 sunt
383 3161 578 3226 Bachilariis
612 3162 648 3226 in
680 3161 819 3227 decretis
854 3162 890 3226 in
912 3164 1180 3249 processionibus,

126 3273 162 3331 ct
184 3265 259 3329 aliis
290 3265 368 3329 locis
399 3263 657 3351 quibuscunque,
680 3269 813 3349 propter
836 3286 911 3329 suos
932 3268 1054 3351 gradus
1076 3267 1181 3355 magis
1242 3250 1249 3266 ⁹

127 3367 331 3433 venerabiles
356 3368 419 3453 [et]
442 3366 568 3431 labores
590 3365 768 3451 plurimum
792 3367 987 3433 diuturnos.⁴

129 3656 290 3721 Srnwre:
311 3672 354 3719 ΤΟ
376 3668 535 3719 Pnst'exr
549 3668 620 3715 THE
635 3668 800 3717 nullom
814 3670 859 3719 01²
873 3670 1055 3720 vetulum:
1070 3672 1181 3723 nouus
1252 3668 1286 3719 Λ.
1298 3674 1339 3721 ³1.

522 3771 615 3820 raon
638 3755 795 3821 Oxronu.
1255 3736 1285 3853 g·
1298 3740 1338 3853 qq

177 3907 273 3988 Quia,
306 3912 438 3994 propter
468 3906 668 3970 excessivem
691 3904 940 3969 multitudinem
966 3907 1181 3973 vendentium
1221 3868 1378 3987 Alidem,

127 4012 240 4087 libros,
256 4009 396 4075 Oxoniae
413 4006 658 4074 Universitati⁵
674 4007 809 4071 minime
827 4005 1022 4090 juratorum,
1036 4009 1183 4097 plerique
1194 4014 1409 4117 ffirffiffi

128 4113 256 4180 codices
277 4112 389 4199 magni
413 4111 533 4175 valoris
548 4112 590 4175 acl
613 4118 724 4197 partes
745 4116 874 4174 exteras
889 4110 1089 4191 deferimtur,
1111 4114 1183 4179 veri
1194 4116 1401 4211 &imm

166 4342 172 4371 ¹
184 4338 376 4388 solemnitas
382 4334 615 4386 mitialiinim'stri
621 4343 633 4386 .²
716 4334 873 4397 ‘derasum
885 4336 919 4388 l),

165 4420 298 4478 macconi,
309 4418 365 4469 MS.
657 4436 662 4469 ι

163 4498 175 4529 ³
187 4498 244 4547 The
251 4500 333 4547 words
343 4496 464 4547 millesimo
473 4496 633 4545 trecenteni-no
714 4496 764 4546 ⁵1⁸
779 4498 883 4547 onmia
898 4496 1070 4559 valeranno,
1097 4500 1139 4549 tlrc
1156 4500 1181 4547 in

128 4598 175 4633 arc
192 4578 297 4627 omitted
315 4577 341 4625 in
355 4577 397 4635 1),
414 4578 464 4625 and
476 4575 543 4624 their
561 4575 633 4639 placo
658 4618 661 4623 .
681 4577 796 4641 supplied
806 4578 840 4643 by
852 4594 867 4629 a
879 4579 928 4629 latc
939 4578 1014 4639 leand,
1026 4578 1056 4627 ll.

129 4658 248 4727 supplied
259 4658 294 4722 by
305 4656 348 4707 the
360 4657 442 4705 words
452 4664 476 4705 ct
485 4664 582 4705 catera.
657 4638 662 4705 l
