3036 5468
287 721 384 771 imm
406 720 641 771 ussermann
664 723 706 771 nr
730 706 1027 775 rnocuumormn
1117 710 1181 772 205

114 889 298 978 potissimo
331 891 528 977 profioerent
560 892 596 955 in
630 893 778 958 scientiis
803 893 1003 979 primitivis,¹
1028 895 1071 959 ad
1098 894 1408 1007 Uni-ppffippnppm

114 993 320 1058 versitatem
350 994 575 1059 transmittere
605 993 824 1072 instruendos,
857 1017 899 1059 ne
933 996 1050 1061 fratres
1080 996 1184 1082 uliqui
1196 1013 1221 1054 to
1238 1012 1276 1055 un
1284 1012 1345 1074 suos

118 1097 167 1161 de
197 1096 312 1162 ordine
345 1096 606 1162 Mendicantium
636 1096 720 1161 tales
745 1097 907 1183 parvulos,
938 1099 1085 1164 nondum
1118 1064 1345 1206 ‘lble'ffihffl
1360 1074 1409 1107 ⁰¹⁰*

119 1197 283 1264 cretionis
305 1198 426 1285 spiritu
449 1197 648 1263 sufficienter
670 1199 836 1286 pnuditos,
852 1200 895 1263 ad
918 1199 1063 1286 ipsorum
1087 1201 1179 1265 Mon·
1195 1194 1409 1309 ppppnpffiffi

120 1300 311 1366 dieantium
345 1301 495 1365 ordinem
527 1298 701 1365 alliciant²
732 1300 786 1365 vel
820 1300 987 1379 inducant,
1021 1303 1395 1418 qu⁰dquerl¹ffiffi¹⁰

121 1403 169 1469 ob
202 1403 422 1490 receptionem
454 1402 571 1468 talium
605 1423 780 1488 puerorum
814 1403 857 1466 ad
888 1404 1021 1469 ordines
1052 1402 1385 1521 Mendippgpppffipr

122 1506 284 1587 euntium,
317 1506 543 1592 tranquillitos
576 1504 783 1570 studentium
813 1505 911 1570 istius
942 1506 1385 1615 Universitatisuffnerpshupa

121 1608 235 1675 fuerat
272 1609 393 1694 saepius
428 1608 644 1695 perturbata3
678 1607 815 1694 ideoque
852 1607 941 1673 dieta
964 1580 1409 1721 Univefflllassvlsslfflfflm

125 1716 198 1777 tam
231 1733 293 1798 pro
322 1710 467 1776 filiorum
502 1709 727 1788 multitudine,
759 1731 859 1796 quam
891 1731 951 1795 pro
977 1710 1182 1775 studentium
1195 1722 1409 1825 fflffifflg

126 1812 247 1898 quiete,
272 1812 381 1877 zelsns
403 1812 441 1876 in
462 1812 642 1878 visceribus
664 1811 808 1898 pietatis,
824 1810 950 1876 statuit
975 1816 1006 1877 et
1031 1810 1181 1889 deerevs't,
1195 1821 1409 1925 puelffigpolpqq

126 1920 167 1979 ut
188 1916 217 1979 si
240 1913 315 1999 quis
345 1915 387 1979 de
414 1914 530 1979 ordine
562 1913 825 1978 Mendiormtium
851 1913 1010 1998 juvenem
1040 1912 1183 2000 aliquem
1194 1923 1402 2019 ssfflllss‘ffi„

126 2014 340 2095 talamonte
371 2037 497 2079 annum
528 2015 638 2081 aetatis
670 2037 739 2081 suae
769 2020 923 2080 octavum
954 2015 1115 2081 decimum
1139 2016 1353 2129 edgshppffl

127 2119 238 2183 minus
265 2117 472 2204 completum,
496 2116 583 2182 infra
612 2117 698 2183 hane
722 2116 985 2184 Universitatem
1016 2118 1060 2183 ad
1090 2118 1311 2221 hobi-pqffigp
1330 2138 1408 2221 ιιιιὲιιοι

127 2226 200 2285 tum
233 2240 346 2285 eorum
375 2219 542 2305 receperit,
566 2218 619 2284 vel
653 2219 834 2300 induxerit,
857 2241 916 2285 seu
945 2220 1046 2306 recipi
1069 2219 1409 2323 swerllfflffiffi*

127 2322 179 2387 vel
214 2321 336 2398 induci,
370 2326 430 2387 aut
464 2320 564 2386 talem
598 2320 744 2407 aliquem
781 2322 822 2386 de
859 2322 922 2387 huo
951 2321 1361 2387 Universitutosesruuulus·

124 2424 283 2503 emiserit,
301 2423 356 2489 vel
378 2423 487 2489 emitti
510 2423 624 2488 fecerit
646 2428 687 2487 ut
709 2423 790 2489 alibi
810 2423 854 2488 ad
876 2424 985 2511 ipsum
1007 2424 1053 2488 sit
1075 2445 1184 2511 reoep·

122 2532 189 2606 tus,
213 2547 254 2590 eo
275 2525 347 2612 ipso
369 2524 481 2589 nullus
503 2524 544 2590 de
566 2525 708 2590 elaustro
737 2546 795 2590 seu
824 2521 1083 2590 eommumtate⁸
1105 2524 1183 2590 talis

119 2627 248 2707 fratris,
279 2624 468 2712 hujusmodi
495 2626 654 2713 juvenem
679 2648 739 2714 per
761 2648 796 2692 se
817 2626 872 2692 vel
894 2648 953 2713 per
973 2624 1077 2691 alium
1100 2627 1182 2692 reei-

118 2729 257 2817 pientis,
279 2734 347 2808 aut,
375 2734 416 2793 ut
446 2729 669 2815 premittitur,
696 2729 888 2805 emittentis,
909 2729 1098 2815 gradiemus,
1121 2751 1181 2815 per

115 2854 251 2897 annum
271 2830 460 2897 immediate
480 2838 670 2917 sequentem
685 2832 865 2918 quidquem
885 2831 975 2918 legat
988 2831 1043 2897 vel
1065 2832 1181 2897 audiat

115 2933 159 2998 in
183 2933 247 2997 huo
269 2933 507 3011 Universitate,
523 2933 576 2997 vel
599 2932 680 2998 alibi
704 2934 792 3018 quod
813 2932 850 2997 in
872 2933 935 2998 hae
951 2932 1181 3000 Universitato

114 3056 184 3123 pro
205 3034 312 3099 forma
333 3036 445 3121 aliqua
466 3035 529 3101 sibi
552 3036 649 3100 cedat
660 3058 669 3115 ;
691 3035 783 3121 quali
804 3056 912 3122 poena,
928 3040 998 3100 tam
1016 3036 1066 3101 illi
1082 3058 1179 3123 quam

115 3136 175 3202 sui
200 3136 303 3202 etiam
324 3137 553 3223 percellantur,
573 3138 772 3223 quicumque
794 3137 835 3202 ds
858 3138 973 3204 ordine
989 3139 1182 3205 Mendioan-

114 3240 210 3305 tium
233 3260 293 3325 per
314 3240 497 3327 fidedignos
519 3240 661 3305 convicti
684 3239 818 3317 fuerint,
841 3241 928 3325 quod
952 3241 995 3307 ab
1006 3240 1180 3307 Universi-

116 3348 196 3407 tote
219 3341 285 3405 ista
306 3362 364 3407 seu
385 3341 594 3429 philosophia
615 3342 781 3407 audienda
807 3342 949 3428 juvenes
978 3343 1181 3409 retraxerint

117 3440 363 3529 quovismodo.⁴

128 3646 471 3657 —-——-—--——-
826 3645 1178 3657 ——--——..————-

159 3781 166 3811 ¹
174 3780 363 3846 promitterisc.
649 3779 773 3875 'Dmlso
784 3778 1120 3844 theroisnothingtomnrk
1135 3778 1178 3828 the

156 3859 301 3920 ²ollerionl,
313 3861 342 3911 C.
648 3898 652 3915 ,
673 3861 730 3908 date
737 3859 799 3907 with
808 3858 940 3922 certainly,
947 3857 1045 3921 though
1054 3858 1097 3908 the
1105 3858 1178 3907 other

155 3937 363 3999 ’mouerimus
392 3940 445 3999 D.;
465 3940 629 3997 communitor,
649 3932 652 3939 ’
672 3946 777 3987 statutos
799 3936 826 3986 in
848 3937 903 3986 ihm
919 3935 975 3986 MS.
987 3936 1072 3985 which
1090 3951 1133 3985 nro
1150 3936 1176 3984 in

119 4022 174 4083 c.;
194 4022 241 4071 but
260 4019 304 4069 the
321 4020 371 4069 last
387 4020 494 4085 syllable
508 4020 628 4069 hasbeen
648 3966 652 4053 l
668 4014 854 4080 juxtaposition
866 4014 927 4064 with
938 4015 997 4076 this,
1008 4014 1089 4064 areol
1100 4016 1178 4065 about

115 4104 225 4155 altered
671 4097 714 4147 the
735 4097 793 4145 date
812 4095 889 4159 given
904 4093 973 4145 here.
1007 4094 1105 4145 Ihave
1125 4104 1177 4152 not,

157 4182 219 4232 ‘Aa
240 4180 281 4231 far
300 4195 327 4231 as
346 4179 390 4231 the
407 4178 485 4229 uss.
505 4194 549 4228 are
566 4193 627 4226 con·
671 4176 796 4233 however,
805 4173 927 4224 hesitated
935 4182 962 4223 to
970 4172 1055 4237 amigo
1064 4173 1108 4223 the
1118 4175 1176 4224 date

119 4263 224 4321 med,
249 4259 320 4309 there
343 4259 367 4308 ia
388 4258 497 4321 nothing
518 4266 546 4306 to
567 4256 627 4319 give
670 4255 746 4319 giren
767 4256 801 4318 by
821 4254 1059 4318 antony-alvom.
1077 4268 1111 4303 on
1133 4253 1177 4302 the

119 4351 194 4390 more
204 4339 266 4389 than
278 4354 366 4403 every
380 4353 462 4400 ragno
479 4338 536 4385 clue
546 4344 574 4384 to
584 4335 626 4385 the
670 4336 769 4399 ground
792 4335 847 4383 that
868 4334 912 4383 the
934 4334 1128 4383 circunstanees
1149 4332 1181 4381 os

121 4420 181 4470 date
192 4419 222 4469 of
230 4418 280 4467 mis
290 4425 388 4466 sutore.
423 4416 454 4465 In
466 4415 495 4466 C.
507 4416 529 4465 it
538 4429 626 4464 occurs
644 4470 648 4493 ¹
670 4415 713 4464 the
724 4414 814 4478 period
824 4413 896 4478 point
912 4413 933 4463 it
948 4424 993 4465 out
1004 4428 1032 4464 as
1042 4426 1108 4462 most
1120 4427 1175 4476 pro·

121 4508 185 4548 next
196 4498 261 4548 aller
270 4512 319 4547 one
329 4496 360 4546 of
371 4496 415 4545 rho
426 4510 487 4560 year
500 4500 580 4555 1252,
599 4494 626 4542 in
644 4496 649 4557 ί
671 4494 747 4558 bsbly
757 4500 862 4545 conset
895 4494 943 4544 Fu
