3036 5468
291 724 387 776 mam
408 724 638 780 caucmman
661 732 703 781 nr
726 731 1012 785 raocumroaun
1113 723 1178 788 199

115 895 233 962 naltee
257 899 298 963 da
320 921 442 966 mesme
464 903 498 968 la
520 905 599 969 ville
623 906 738 972 d'altrc
761 914 846 994 part,
868 931 890 974 a
911 910 924 975 i
946 915 1033 977 cesto
1055 912 1177 979 enden-

117 1004 198 1065 turo
222 1003 617 1090 entrechaungablement
638 1015 738 1075 sonnt
760 1032 841 1096 mys.

167 1154 265 1224 Dono
285 1182 307 1224 a
330 1161 525 1242 Oxenfordc,
544 1166 623 1250 jour
645 1172 680 1232 et
701 1190 746 1232 an
767 1170 946 1234 avantditn

450 1353 820 1366 -————.-
834 1361 858 1367 .-

117 1473 201 1524 town
224 1468 261 1526 of
286 1471 337 1529 tho
360 1474 446 1533 other
473 1486 550 1551 part,
576 1496 625 1535 are
651 1488 680 1536 to
708 1479 768 1537 this
792 1479 947 1538 indenturc
973 1481 1176 1559 intere-hange·

115 1559 192 1637 ably
213 1562 333 1623 affixcd.

161 1711 264 1773 Given
285 1722 316 1774 at
337 1715 455 1777 Oxford
475 1739 513 1778 on
534 1723 583 1782 thc
604 1724 662 1800 day
683 1724 740 1782 aud
761 1741 830 1800 year
852 1721 1005 1780 aforesaid.

164 2066 229 2133 Oui
253 2068 387 2155 quidem
409 2071 527 2148 missae,
550 2077 589 2136 ut
612 2071 822 2158 praedicitur,¹
858 2096 925 2139 una
955 2096 1028 2141 cum
1055 2076 1392 2161 justissimam

112 2169 218 2235 dictae
240 2172 341 2249 villae,
356 2174 514 2239 intersint
530 2174 579 2237 illi
595 2174 635 2238 de
650 2174 818 2240 suburbiis
834 2179 1034 2264 prmlibatis;
1057 2179 1176 2245 dictos·
1188 2146 1392 2291 liviffiffinv

111 2294 182 2357 quc
222 2276 497 2340 communitatem
536 2279 571 2340 et
605 2276 704 2341 laicos
739 2300 916 2357 monemus,
959 2280 994 2343 in
1029 2304 1176 2367 personis
1188 2297 1395 2391 {¹1¹ffl'f‘¹¹ss't'¹¹⁴¹'

110 2383 368 2460 procuratorum
401 2377 647 2464 praedictorum,
681 2380 795 2465 primo,
827 2381 979 2460 secundo,
1003 2388 1037 2447 ct
1068 2384 1173 2462 tertio,
1187 2350 1403 2501 ἷξὲᾁῦίιέᾖῖἑᾞῃ

110 2498 156 2540 ac
187 2478 251 2542 sub
286 2480 393 2565 poenis
427 2481 777 2546 excommunicationis
810 2488 844 2546 ct
878 2483 1056 2561 interdicti,
1087 2485 1380 2599 ‘1110‘l{l:::,¹;¹,',¹;,‘,’,¹,·,;’⁰¹

110 2579 279 2665 praedicta
302 2582 412 2647 omnia
435 2583 618 2660 observent,
643 2588 677 2647 et
706 2584 742 2647 in
774 2583 867 2647 nullo
899 2586 1152 2649 contraveniunt
1167 2598 1368 2691 3332131231'3·

111 2689 152 2747 et
174 2683 204 2746 si
226 2704 339 2770 pacem
362 2689 397 2749 et
419 2685 625 2750 concordiam
651 2686 826 2771 praedictaa
861 2686 973 2750 eadem
997 2708 1175 2751 commum-
1188 2697 1393 2799 {affletur

110 2791 169 2849 tas
201 2784 360 2851 laicorum
392 2807 460 2851 non
495 2788 728 2862 observaverit,
756 2786 809 2851 vel
839 2787 874 2850 in
909 2787 1020 2872 aliquo
1048 2793 1175 2853 contra·

109 2888 247 2953 venerit
278 2889 348 2953 ullo
379 2894 536 2976 tempore,
560 2912 616 2953 seu
651 2889 834 2954 consimiles
861 2910 1010 2954 excessus
1040 2889 1097 2967 illi,
1122 2890 1175 2955 vel

109 3011 231 3055 eorum
254 3012 460 3069 successores
484 2991 621 3057 fecerint
652 2998 765 3057 contra
798 2991 1059 3058 Universitatem
1092 3016 1174 3080 prae·

109 3093 250 3169 (lictum,
281 3093 335 3159 vel
367 3095 469 3158 etiam
501 3094 528 3157 si
564 3095 782 3159 communiter
816 3117 927 3181 pacem
962 3100 995 3159 et
1029 3095 1173 3181 quictem

109 3195 264 3281 ejusdem
288 3195 528 3261 Universitatis
551 3197 761 3275 violaverint,
785 3197 820 3260 in
852 3219 928 3262 casu
957 3220 977 3261 a
1003 3198 1078 3283 jure
1108 3221 1173 3263 non

108 3297 284 3385 permisso,
317 3298 353 3362 in
387 3319 543 3384 personas
567 3298 711 3383 blajoris,
738 3298 950 3377 Ballivorum,
974 3308 1008 3364 ct
1031 3301 1175 3387 singula·

108 3401 205 3465 rium
238 3398 451 3486 praefatorum
475 3400 622 3485 ejusdem
645 3400 903 3479 communitatis,
926 3403 1083 3466 canonica
1106 3426 1172 3467 rno-

109 3501 244 3566 nitione
266 3501 444 3587 praemissa,
467 3502 564 3587 culpa
579 3502 632 3566 vel
655 3524 747 3565 mora
769 3524 882 3566 eorum
905 3504 1173 3589 precedentibus,

108 3603 248 3687 majoris
264 3603 614 3667 excommunicationis
638 3625 765 3667 necnon
788 3604 954 3669 interdicti
980 3605 1014 3667 in
1036 3606 1170 3667 cairnlcrn

107 3706 228 3771 villam
251 3710 287 3771 et
308 3705 581 3770 communitatem
614 3705 770 3769 laicorum
803 3706 837 3769 in
871 3706 922 3769 liis
945 3706 1076 3791 scriptis
1098 3729 1170 3771 sren-

106 3809 238 3875 tentius
261 3808 515 3895 promulgamus.

158 3962 208 4026 Ac
231 3960 390 4027 columae
412 3967 443 4026 et
466 3958 681 4036 ordinamus,
707 3960 794 4043 quod
827 3959 954 4042 quotics
982 3965 1015 4023 ct
1038 3962 1170 4042 qriando

106 4064 281 4152 lancmmsa
310 4085 378 4129 non
401 4063 658 4137 observaverint,
681 4083 738 4125 scu
770 4059 942 4145 quodlibet
973 4062 1167 4142 coruuulcrn,

105 4177 171 4236 aut
193 4179 309 4236 contra
331 4192 370 4235 ea
392 4170 447 4236 vel
470 4192 581 4234 eorum
613 4168 746 4254 aliquod
769 4166 922 4231 venerint
946 4167 997 4232 vel
1024 4168 1167 4249 lirccrint,

106 4275 182 4359 ipso
204 4274 293 4338 facto
314 4274 420 4338 dictas
443 4273 624 4338 sententias
639 4269 986 4335 excommunicationis
1010 4276 1044 4335 at
1067 4270 1168 4335 iubar·

105 4376 192 4440 dicti
226 4377 408 4457 incurrant,
435 4379 634 4463 potestatem
670 4379 782 4437 tarnen
814 4372 1018 4459 spiritualem
1052 4378 1165 4437 ‹mritrn

465 4672 472 4699 ¹
484 4670 516 4719 Β.
528 4670 604 4720 omits
615 4668 797 4735 utproedr'citur.
