3090 5490
303 734 396 787 maru
419 735 645 788 cancerasse
670 738 712 786 ar
734 706 1021 788 raocuarroauu'.
1120 725 1185 789 153

135 914 281 993 excedat,
299 919 378 980 tunc
400 936 469 979 una
482 913 553 1001 ejus
574 912 733 980 medietas
754 913 792 978 in
814 913 896 980 cista
918 911 1105 1001 supradicta
1126 911 1187 977 sub
1198 921 1398 1018 &muge

136 1018 302 1083 communi
324 1018 472 1083 custodia
492 1022 677 1104 reponatur.
1199 1022 1271 1068 chat.

179 1129 276 1210 Item,
300 1131 388 1216 quod
411 1130 551 1217 quilibet
572 1130 800 1210 lieentiandus
823 1136 1002 1218 antequam
1023 1130 1067 1196 ad
1088 1129 1186 1194 licen·
1200 1154 1394 1209 montaneo

136 1231 218 1297 tiam
241 1233 448 1314 admittatur,
464 1233 573 1300 solvat
587 1256 794 1300 communem
809 1234 863 1300 vel
877 1235 1088 1300 medietatem
1104 1254 1190 1298 com·
1200 1205 1369 1309 l't‘dtlloil

138 1357 255 1414 manae,
279 1336 365 1402 deut
396 1336 497 1412 decet,
530 1336 566 1401 in
600 1359 666 1423 qua
696 1338 829 1426 quidem
863 1336 998 1403 licentia
1027 1308 1395 1402 scribaturv²r10um>u¹rlle⁴

137 1458 256 1504 nomen
279 1438 442 1504 licentiati
462 1462 484 1505 a
499 1439 711 1505 Procuratore
734 1447 768 1505 et
791 1440 903 1525 aliquo
925 1440 1089 1505 serviente
1106 1438 1190 1504 Uni-

138 1542 312 1620 versitatis‚
328 1564 395 1607 una
417 1564 491 1608 cum
515 1542 568 1607 die
591 1548 625 1608 et
648 1564 735 1608 anno
755 1543 990 1608 licentiationis
1002 1566 1011 1623 ;
1035 1543 1190 1607 Procura-

138 1648 223 1709 tores
246 1645 346 1710 etiam
369 1642 409 1709 a¹
441 1645 687 1731 quaestionistis,
711 1652 888 1732 antequam
911 1645 954 1710 ud
977 1645 1190 1731 quaestionem

137 1747 364 1835 respondeant,
380 1747 590 1813 medietatem
607 1769 789 1814 communae
804 1746 987 1834 recipiant:
1011 1747 1190 1812 servientes

139 1850 238 1914 etiam
254 1850 503 1929 Universitatis,
520 1851 649 1937 quoties
671 1850 822 1937 requisiti
844 1849 975 1928 fuerint.
998 1849 1051 1915 vel
1074 1849 1191 1915 saltent

140 1952 173 2017 in
196 1953 261 2019 fine
284 1952 459 2038 cujuslibet
494 1954 636 2034 termini,
660 1955 801 2019 reddant
835 1953 1010 2018 ratiocinia
1043 1953 1084 2018 de
1118 1975 1190 2039 per-

139 2056 240 2142 ceptis
263 2056 319 2121 illo
341 2057 489 2122 termino.
548 2057 664 2137 Quoad
698 2077 812 2144 poenas
838 2057 1112 2122 incarceratorum
1143 2054 1191 2121 sic

140 2164 189 2224 est
211 2159 410 2237 ordinatum,
427 2159 514 2246 quod
530 2159 761 2224 Procuratores
783 2159 927 2225 habeant
950 2158 1086 2226 nomina
1107 2157 1189 2224 alias

141 2262 362 2327 convictorum
386 2284 486 2349 penes
508 2284 552 2341 se,
569 2262 655 2328 sicut
677 2262 778 2328 habet
801 2261 1045 2344 cancellarium
1068 2269 1103 2329 et
1125 2284 1189 2328 ser·

140 2365 267 2431 vientes
290 2365 529 2430 Universitatis
560 2365 695 2429 nomina
727 2365 1001 2432 incarceratorum
1031 2365 1186 2445 scribant,

141 2472 173 2533 et
203 2468 332 2555 quoties
366 2467 557 2534 inmreerati
587 2468 712 2533 fuerint
745 2469 887 2534 fideliter
917 2467 1187 2535 Procuratoribus

140 2569 316 2648 insinuent,
339 2570 389 2635 ita
410 2570 498 2658 quod
521 2570 1001 2657 dc,quocmrqueinca1cerato
1024 2593 1082 2658 per
1109 2570 1188 2636 Pro·

139 2679 321 2739 curatorem
343 2673 539 2760 inquiratur,
553 2673 582 2738 si
596 2674 684 2739 inter
699 2673 779 2739 alios
801 2673 967 2739 convictos
988 2672 1188 2751 inveniatur,

140 2776 226 2863 quod
248 2776 276 2841 si
298 2775 345 2841 sic
366 2775 495 2842 levetur
517 2799 616 2864 poena
630 2777 800 2842 commissa
814 2775 856 2842 de
871 2775 1078 2857 incarcerato,
1093 2781 1187 2841 aute-

140 2902 237 2967 quam
259 2879 420 2945 liberetur
441 2880 496 2944 vel
519 2879 636 2945 saltem
659 2883 804 2967 exponat
827 2878 1012 2945 cautionem
1037 2878 1197 2966 pign01·a-'

139 2980 280 3050 toriam²
303 2982 356 3048 vel
379 2982 624 3070 fidejussoriam,
648 2982 702 3048 rel
725 2982 833 3047 solvat
855 2981 942 3046 infra
963 2987 1037 3048 octo
1060 2981 1135 3048 <lies¹

206 3288 281 3356 For
303 3306 373 3355 rur
396 3306 609 3356 rnorscnor
633 3307 676 3355 or
699 3305 769 3354 rna
792 3306 968 3357 suorrsrr
992 3306 1034 3356 or
1056 3304 1125 3355 rna

543 3392 788 3459 Usrvsns1rr.³

183 3557 237 3622 Ad
253 3556 409 3622 honorem
425 3556 487 3622 Dei
504 3562 538 3622 et
550 3557 663 3623 Beatae
675 3556 824 3643 Virginis
839 3562 874 3622 et
889 3557 1035 3623 omnium
1052 3558 1188 3625 Sancto-

136 3682 220 3740 rum,
237 3682 363 3725 necnon
386 3659 429 3724 ad
452 3660 660 3726 securitatem
677 3665 712 3726 et
726 3660 1007 3726 conservationem
1030 3661 1189 3727 bonorum

139 3762 379 3827 Universitatis
404 3762 543 3828 Oxoniae
577 3762 699 3828 futuris
730 3762 954 3829 habendorum
977 3764 1189 3850 temporibus

137 3864 237 3931 edita
252 3863 406 3949 fueruat
437 3864 511 3932 ister
538 3864 775 3931 ordinationes
797 3865 993 3951 subamiptce
1026 3888 1084 3952 per
1115 3888 1190 3931 con-

136 3968 362 4055 gregationem
374 3968 574 4054 Regentium
597 3969 633 4033 in
656 3968 790 4034 ecclesia
805 3969 918 4035 Beatre
933 3967 1090 4054 Virginis
1109 3968 1190 4035 hora

138 4071 248 4150 tertia,
272 4075 418 4158 tempere
449 4070 645 4137 venerabilis
677 4071 741 4135 viri
774 4070 927 4157 Magistri
954 4070 977 4135 J
980 4070 1118 4136 ohannis
1148 4068 1189 4139 de

138 4173 351 4254 Northwode,
375 4196 433 4260 pro
458 4181 538 4240 tunc
562 4173 800 4239 Universitatis
823 4173 962 4239 Oxoniae
986 4170 1189 4255 Concellarii,

138 4282 174 4343 et
196 4277 347 4363 Magistri
368 4277 488 4364 Rogeri
501 4277 591 4344 Ooke
614 4262 838 4343 Procuratoris
861 4299 902 4342 ex
925 4283 1017 4364 parte
1040 4280 1187 4360 australi,

143 4470 152 4477 ι-
159 4470 458 4478 ---.—---.—-.——.-—
467 4471 484 4477 -.
494 4471 573 4478 ——.--
595 4472 638 4477 -..-
653 4471 661 4478 -
668 4473 675 4478 .
686 4472 845 4479 ..-·-——-.-.

157 4584 164 4614 ¹
177 4584 210 4633 l)-
223 4582 300 4633 0fflll⁸
311 4597 334 4632 ‘²-
714 4597 723 4624 ³
735 4596 776 4646 No
787 4595 843 4647 title
853 4595 879 4645 iu
891 4594 945 4647 MS,

153 4666 163 4695 ²
167 4665 362 4731 pignoreturum,
368 4663 399 4712 l).
407 4683 413 4724 ;
422 4663 569 4714 obliterated
577 4663 603 4712 iu
613 4663 645 4712 A.
