3090 5490
360 730 425 793 256
517 740 612 791 aiam
635 738 868 791 cssoanasnu
893 739 935 790 nr
957 740 1249 793 raocunsrosma

132 928 306 1033 deppam
358 912 493 977 reddere
531 913 572 977 de
614 912 708 978 libris
749 911 947 998 hujusmodi,
984 914 1132 1001 pecuniae
1173 934 1254 979 vero
1299 910 1414 977 medio

131 1030 347 1135 3⁸2&an
358 1019 506 1101 tempore
543 1021 681 1103 receptae
725 1038 783 1103 per
827 1037 883 1081 eos
919 1016 962 1081 ad
1007 1017 1114 1093 cistas,
1151 1036 1293 1102 quarum
1331 1016 1414 1078 sunt

131 1130 330 1228 ssssffilmmd
358 1117 526 1182 ⁰³¹¹l10¹¹e⁸
548 1117 702 1197 vendstae,
730 1140 798 1183 una
826 1140 902 1183 cum
932 1116 1007 1183 aliis
1038 1117 1284 1184 revenientibus
1307 1116 1414 1182 cauti-

130 1232 302 1279 ·muasmse
359 1218 478 1284 onibus
507 1224 724 1284 revertantur.
770 1220 878 1307 Super
906 1221 1113 1288 cautionibus
1143 1226 1255 1285 autem
1284 1218 1342 1299 sic,
1373 1224 1414 1283 ut

130 1282 332 1379 tillit‘t'id
358 1342 457 1407 supra
478 1321 519 1387 fia
548 1322 682 1403 menso,
713 1321 935 1388 deliberandis
963 1323 1048 1388 sans
1076 1323 1263 1388 aseneum
1285 1320 1412 1387 sense
1461 1328 1466 1337 ·

130 1384 300 1481 mili?
357 1423 495 1490 rationis
517 1430 664 1510 tempore
687 1424 776 1490 inter
798 1424 844 1491 sic
874 1426 994 1491 electos
1024 1430 1106 1503 octo,
1129 1445 1284 1489 eorumve
1308 1423 1413 1507 majo-

131 1486 215 1531 Μ
357 1547 427 1590 rem
464 1530 601 1613 partem,
641 1534 675 1593 et
712 1529 864 1593 custodes
906 1529 1064 1593 cistamm
1107 1548 1247 1613 quarum
1284 1524 1412 1590 fuerint

356 1629 533 1695 cautiones.
579 1628 728 1694 Nomina
756 1634 871 1695 autem
901 1631 1078 1696 electomm
1108 1637 1144 1695 et
1173 1627 1299 1694 infide
1325 1626 1411 1692 Uni·

356 1731 509 1797 versitati
532 1732 681 1820 praestita
698 1731 888 1818 juratorum
911 1738 992 1798 sunt
1012 1732 1102 1798 haec:

130 1870 344 1975 fflffi'ffl‘
402 1860 563 1947 Magister
585 1859 687 1945 Davy
709 1859 846 1939 Nawnt,

162 1968 166 1973 '
402 1962 561 2048 Magister
583 1960 635 2027 W.
659 1960 805 2047 Hupere,

403 2062 562 2149 Magister
584 2062 757 2149 Philippus
781 2063 1016 2150 Carmardyne,

402 2164 563 2251 Magister
584 2164 617 2229 J.
641 2165 803 2245 Burbach,

402 2264 563 2352 Magister
585 2265 637 2332 W.
661 2265 810 2352 Birteby,

402 2366 561 2454 Magister
585 2368 750 2434 Robertus
773 2368 908 2455 Burlay‚

402 2470 563 2557 Magister
584 2470 617 2537 J.
640 2470 775 2549 Amald,

404 2571 563 2660 Magister
586 2573 745 2640 Ricardus
768 2574 879 2659 Praty.

458 2863 512 2928 Ds
542 2879 714 2929 conascrs
737 2862 943 2938 Docroaun,
967 2860 1228 2928 Maarsrsosmr
1253 2880 1296 2927 nr

746 2960 1007 3030 Bsnsmossn}

129 3128 308 3223 ppffigpgrltppr
401 3109 496 3187 Item,
530 3129 604 3172 cum
639 3130 736 3173 nomo
773 3114 928 3174 teneatur
962 3108 1030 3172 suis
1064 3109 1204 3194 propriis
1234 3110 1411 3196 stipendiis

129 3228 338 3330 {panhcpplrpm
357 3211 513 3285 militare·
534 3210 767 3296 modernisque
791 3211 994 3297 temporibus
1021 3212 1102 3275 adeo
1134 3212 1341 3276 studentium
1374 3215 1410 3277 in

130 3312 344 3442 pnpgpgrffinepb'
357 3311 569 3375 facultatibus
583 3312 684 3376 variis
699 3312 819 3376 caritas
834 3312 1023 3398 refrigeseit,
1040 3312 1129 3397 quod
1145 3312 1280 3376 θοιηιιιι9
1295 3336 1413 3398 quam·

130 3428 330 3527 ffipffipgp*
357 3415 466 3500 plures
504 3436 563 3478 noc
604 3412 803 3479 Doctoribus
842 3421 901 3478 aut
939 3415 1108 3501 Magistris
1146 3437 1215 3480 suae
1250 3414 1410 3503 colligunt

128 3537 181 3629 252
182 3532 329 3628 5531pr
356 3516 533 3595 facultatis,
550 3539 608 3582 nec
631 3540 744 3582 comm
760 3517 948 3594 servientes
966 3517 1115 3581 Bedellos
1135 3523 1218 3603 puta
1232 3518 1410 3600 facultatis,

129 3634 323 3731 gffisslssto
357 3620 499 3684 visitant
522 3620 558 3682 in
582 3619 668 3704 qua³
703 3619 848 3695 student,
884 3618 963 3682 hinc
989 3622 1041 3682 est
1074 3620 1162 3704 quod
1197 3619 1409 3686 Universitas

129 3736 301 3830 gpgmogugss
357 3721 477 3788 sadala
500 3728 530 3788 et
552 3719 705 3798 decrevit,
730 3721 818 3806 quod
841 3719 1009 3786 Scholnres
1033 3722 1153 3806 quique
1183 3722 1306 3787 futuris
1330 3729 1410 3788 tem-

128 3836 303 3932 ffiffllpgl
357 3825 498 3914 poribus,
521 3825 608 3891 infra
630 3848 776 3890 mensem
791 3847 812 3889 a
835 3824 888 3889 die
914 3825 1053 3910 inceptae
1076 3824 1228 3901 collectas,
1252 3848 1311 3912 per
1327 3825 1408 3891 Doe-

129 3938 318 4039 gcgffirpgpgg
356 3935 469 4008 torem,
499 3928 695 4015 Magistrum
728 3927 940 3992 Bedellurnve
973 3949 1041 3991 suae
1068 3927 1235 3991 tacultat'ns
1270 3928 1408 4007 moniti‚⁴

128 4038 334 4134 mm,
355 4032 523 4097 collectam
562 4031 684 4095 eisdem
707 4052 883 4116 eorumque
914 4027 1050 4093 cuilibet
1088 4029 1191 4093 statui
1224 4051 1285 4095 suo
1323 4052 1407 4095 ooni-

127 4140 318 4236 gifvghglcruffi·
355 4140 531 4218 potentem,
555 4137 589 4197 et
607 4133 787 4197 seeundum
811 4132 950 4217 antiqua
973 4136 1102 4196 statuta
1125 4130 1313 4216 antiquitus
1336 4155 1406 4198 coir

127 4240 343 4346 &Imprim-
355 4242 491 4312 suetam,
506 4235 704 4320 persolvant,
720 4234 783 4297 sub
795 4256 895 4319 poena
909 4233 1094 4298 amissionis
1103 4233 1216 4299 formae
1237 4257 1306 4301 suae
1320 4235 1404 4299 illius

1247 4424 1397 4434 .--ffl-

391 4555 397 4584 ¹
410 4553 465 4604 'Phe
477 4550 531 4601 title
543 4550 566 4600 is
576 4549 603 4598 in
615 4550 646 4600 B.
658 4550 724 4615 only.
937 4552 1011 4614 ’qua
1023 4551 1057 4599 A.

391 4632 475 4697 ²quod
486 4629 566 4681 nullas
577 4628 859 4691 catabathmum
939 4632 948 4659 ⁴
959 4631 1049 4685 moniti.
1062 4630 1168 4681 omitted
1178 4630 1205 4679 in
1219 4630 1249 4681 B.
1262 4633 1316 4681 and
1324 4630 1352 4682 C.

356 4711 378 4761 ia
390 4714 483 4767 erased.
496 4710 592 4763 ABR.
