<?xml version="1.0" encoding="UTF-8"?>
<!DOCTYPE html PUBLIC "-//W3C//DTD XHTML 1.0 Transitional//EN"
    "http://www.w3.org/TR/xhtml1/DTD/xhtml1-transitional.dtd">
<html xmlns="http://www.w3.org/1999/xhtml" xml:lang="en" lang="en">
 <head>
  <title>
</title>
<meta http-equiv="Content-Type" content="text/html;charset=utf-8" />
  <meta name='ocr-system' content='tesseract 3.04.00' />
  <meta name='ocr-capabilities' content='ocr_page ocr_carea ocr_par ocr_line ocrx_word'/>
</head>
<body>
  <div class='ocr_page' id='page_1' title='image "./rerumbritannica16offigoog_0514.png"; bbox 0 0 3036 5468; ppageno 0'>
   <div class='ocr_carea' id='block_1_1' title="bbox 347 677 1241 741">
    <p class='ocr_par' dir='ltr' id='par_1_1' title="bbox 347 677 1241 741">
     <span class='ocr_line' id='line_1_1' title="bbox 347 677 1241 741; baseline -0.006 -1"><span class='ocrx_word' id='word_1_1' title='bbox 347 677 412 741; x_wconf 78' lang='lat'>350</span> <span class='ocrx_word' id='word_1_2' title='bbox 517 688 611 738; x_wconf 77' lang='lat' dir='ltr'>amar</span> <span class='ocrx_word' id='word_1_3' title='bbox 634 683 862 736; x_wconf 77' lang='lat' dir='ltr'>clncnunann</span> <span class='ocrx_word' id='word_1_4' title='bbox 885 686 927 735; x_wconf 85' lang='lat' dir='ltr'>nr</span> <span class='ocrx_word' id='word_1_5' title='bbox 949 682 1241 736; x_wconf 75' lang='lat' dir='ltr'>raocnmronnu.</span> 
     </span>
    </p>
   </div>
   <div class='ocr_carea' id='block_1_2' title="bbox 121 860 1453 3308">
    <p class='ocr_par' dir='ltr' id='par_1_2' title="bbox 345 860 1453 2695">
     <span class='ocr_line' id='line_1_2' title="bbox 347 860 1403 949; baseline -0.003 -19"><span class='ocrx_word' id='word_1_6' title='bbox 347 866 409 930; x_wconf 92' lang='lat' dir='ltr'>bus</span> <span class='ocrx_word' id='word_1_7' title='bbox 431 886 586 930; x_wconf 89' lang='lat' dir='ltr'>eorumve</span> <span class='ocrx_word' id='word_1_8' title='bbox 609 863 804 929; x_wconf 87' lang='lat' dir='ltr'>officialibus</span> <span class='ocrx_word' id='word_1_9' title='bbox 827 863 995 949; x_wconf 87' lang='lat' dir='ltr'>deputatis</span> <span class='ocrx_word' id='word_1_10' title='bbox 1018 861 1089 927; x_wconf 88' lang='lat' dir='ltr'>sive</span> <span class='ocrx_word' id='word_1_11' title='bbox 1112 860 1221 927; x_wconf 84' lang='lat' dir='ltr'>missis</span> <span class='ocrx_word' id='word_1_12' title='bbox 1241 882 1403 938; x_wconf 84' lang='lat' dir='ltr'>accusare,</span> 
     </span>
     <span class='ocr_line' id='line_1_3' title="bbox 347 964 1404 1052; baseline -0.004 -19"><span class='ocrx_word' id='word_1_13' title='bbox 347 968 508 1033; x_wconf 86' lang='lat' dir='ltr'>indictare</span> <span class='ocrx_word' id='word_1_14' title='bbox 525 973 559 1033; x_wconf 92' lang='lat' dir='ltr'>et</span> <span class='ocrx_word' id='word_1_15' title='bbox 581 968 624 1031; x_wconf 89' lang='lat' dir='ltr'>ad</span> <span class='ocrx_word' id='word_1_16' title='bbox 648 988 789 1032; x_wconf 73' lang='lat' dir='ltr'>carceres</span> <span class='ocrx_word' id='word_1_17' title='bbox 811 987 869 1031; x_wconf 86' lang='lat' dir='ltr'>seu</span> <span class='ocrx_word' id='word_1_18' title='bbox 891 965 1025 1052; x_wconf 86' lang='lat' dir='ltr'>publiea</span> <span class='ocrx_word' id='word_1_19' title='bbox 1046 964 1225 1051; x_wconf 85' lang='lat' dir='ltr'>opprobria</span> <span class='ocrx_word' id='word_1_20' title='bbox 1239 964 1296 1030; x_wconf 90' lang='lat' dir='ltr'>vel</span> <span class='ocrx_word' id='word_1_21' title='bbox 1315 985 1404 1051; x_wconf 85' lang='lat' dir='ltr'>spec-</span> 
     </span>
     <span class='ocr_line' id='line_1_4' title="bbox 347 1056 1404 1155; baseline -0.003 -19"><span class='ocrx_word' id='word_1_22' title='bbox 347 1071 457 1136; x_wconf 86' lang='lat' dir='ltr'>tacula</span> <span class='ocrx_word' id='word_1_23' title='bbox 479 1070 567 1136; x_wconf 89' lang='lat' dir='ltr'>trahi</span> <span class='ocrx_word' id='word_1_24' title='bbox 589 1072 705 1150; x_wconf 89' lang='lat' dir='ltr'>facere,</span> <span class='ocrx_word' id='word_1_25' title='bbox 721 1069 858 1148; x_wconf 88' lang='lat' dir='ltr'>bonave,</span> <span class='ocrx_word' id='word_1_26' title='bbox 872 1067 1054 1155; x_wconf 88' lang='lat' dir='ltr'>pensiones,</span> <span class='ocrx_word' id='word_1_27' title='bbox 1070 1056 1223 1145; x_wconf 77' lang='lat' dir='ltr'>decimas,</span> <span class='ocrx_word' id='word_1_28' title='bbox 1239 1067 1296 1131; x_wconf 87' lang='lat' dir='ltr'>vel</span> <span class='ocrx_word' id='word_1_29' title='bbox 1310 1067 1404 1133; x_wconf 78' lang='lat' dir='ltr'>feoda</span> 
     </span>
     <span class='ocr_line' id='line_1_5' title="bbox 347 1169 1402 1261; baseline -0.005 -22"><span class='ocrx_word' id='word_1_30' title='bbox 347 1175 507 1261; x_wconf 90' lang='lat' dir='ltr'>potentia,</span> <span class='ocrx_word' id='word_1_31' title='bbox 537 1178 630 1239; x_wconf 83' lang='lat' dir='ltr'>metu</span> <span class='ocrx_word' id='word_1_32' title='bbox 652 1173 705 1238; x_wconf 88' lang='lat' dir='ltr'>vel</span> <span class='ocrx_word' id='word_1_33' title='bbox 735 1172 859 1249; x_wconf 85' lang='lat' dir='ltr'>fraude,</span> <span class='ocrx_word' id='word_1_34' title='bbox 887 1176 946 1236; x_wconf 89' lang='lat' dir='ltr'>aut</span> <span class='ocrx_word' id='word_1_35' title='bbox 973 1170 1085 1257; x_wconf 89' lang='lat' dir='ltr'>aliquo</span> <span class='ocrx_word' id='word_1_36' title='bbox 1116 1169 1181 1236; x_wconf 89' lang='lat' dir='ltr'>alio</span> <span class='ocrx_word' id='word_1_37' title='bbox 1209 1169 1310 1235; x_wconf 88' lang='lat' dir='ltr'>modo</span> <span class='ocrx_word' id='word_1_38' title='bbox 1340 1189 1402 1247; x_wconf 86' lang='lat' dir='ltr'>eos,</span> 
     </span>
     <span class='ocr_line' id='line_1_6' title="bbox 345 1273 1404 1364; baseline -0.004 -24"><span class='ocrx_word' id='word_1_39' title='bbox 345 1279 430 1342; x_wconf 86' lang='lat' dir='ltr'>sicut</span> <span class='ocrx_word' id='word_1_40' title='bbox 445 1275 627 1364; x_wconf 78' lang='lat' dir='ltr'>praefertur,</span> <span class='ocrx_word' id='word_1_41' title='bbox 644 1276 792 1353; x_wconf 87' lang='lat' dir='ltr'>vendere,</span> <span class='ocrx_word' id='word_1_42' title='bbox 810 1275 917 1340; x_wconf 88' lang='lat' dir='ltr'>locare</span> <span class='ocrx_word' id='word_1_43' title='bbox 940 1278 1001 1339; x_wconf 89' lang='lat' dir='ltr'>aut</span> <span class='ocrx_word' id='word_1_44' title='bbox 1016 1273 1183 1360; x_wconf 85' lang='lat' dir='ltr'>resignare</span> <span class='ocrx_word' id='word_1_45' title='bbox 1199 1273 1404 1339; x_wconf 81' lang='lat' dir='ltr'>arctaverint</span> 
     </span>
     <span class='ocr_line' id='line_1_7' title="bbox 347 1376 1402 1466; baseline -0.005 -22"><span class='ocrx_word' id='word_1_46' title='bbox 347 1400 404 1445; x_wconf 87' lang='lat' dir='ltr'>seu</span> <span class='ocrx_word' id='word_1_47' title='bbox 428 1379 595 1466; x_wconf 80' lang='lat' dir='ltr'>coegerint</span> <span class='ocrx_word' id='word_1_48' title='bbox 626 1384 687 1444; x_wconf 89' lang='lat' dir='ltr'>aut</span> <span class='ocrx_word' id='word_1_49' title='bbox 717 1378 789 1443; x_wconf 88' lang='lat' dir='ltr'>fieri</span> <span class='ocrx_word' id='word_1_50' title='bbox 822 1378 1081 1464; x_wconf 80' lang='lat' dir='ltr'>procuraverint,</span> <span class='ocrx_word' id='word_1_51' title='bbox 1104 1380 1144 1441; x_wconf 92' lang='lat' dir='ltr'>ut</span> <span class='ocrx_word' id='word_1_52' title='bbox 1174 1376 1402 1464; x_wconf 73' lang='lat' dir='ltr'>praemittitur,</span> 
     </span>
     <span class='ocr_line' id='line_1_8' title="bbox 348 1478 1403 1548; baseline -0.005 0"><span class='ocrx_word' id='word_1_53' title='bbox 348 1504 390 1548; x_wconf 86' lang='lat' dir='ltr'>ex</span> <span class='ocrx_word' id='word_1_54' title='bbox 412 1487 494 1548; x_wconf 92' lang='lat' dir='ltr'>tunc</span> <span class='ocrx_word' id='word_1_55' title='bbox 519 1480 869 1547; x_wconf 75' lang='lat' dir='ltr'>excommunicationis</span> <span class='ocrx_word' id='word_1_56' title='bbox 895 1486 931 1546; x_wconf 91' lang='lat' dir='ltr'>et</span> <span class='ocrx_word' id='word_1_57' title='bbox 960 1479 1184 1546; x_wconf 87' lang='lat' dir='ltr'>anathematis</span> <span class='ocrx_word' id='word_1_58' title='bbox 1205 1479 1342 1545; x_wconf 73' lang='lat' dir='ltr'>vinculo</span> <span class='ocrx_word' id='word_1_59' title='bbox 1363 1478 1403 1544; x_wconf 88' lang='lat' dir='ltr'>dc</span> 
     </span>
     <span class='ocr_line' id='line_1_9' title="bbox 348 1581 1403 1672; baseline -0.003 -23"><span class='ocrx_word' id='word_1_60' title='bbox 348 1585 419 1672; x_wconf 90' lang='lat' dir='ltr'>ipso</span> <span class='ocrx_word' id='word_1_61' title='bbox 442 1584 562 1672; x_wconf 84' lang='lat' dir='ltr'>illigati</span> <span class='ocrx_word' id='word_1_62' title='bbox 586 1588 618 1648; x_wconf 88' lang='lat' dir='ltr'>et</span> <span class='ocrx_word' id='word_1_63' title='bbox 647 1582 770 1648; x_wconf 87' lang='lat' dir='ltr'>irretiti</span> <span class='ocrx_word' id='word_1_64' title='bbox 797 1583 955 1663; x_wconf 85' lang='lat' dir='ltr'>existant,</span> <span class='ocrx_word' id='word_1_65' title='bbox 980 1604 1052 1648; x_wconf 89' lang='lat' dir='ltr'>reos</span> <span class='ocrx_word' id='word_1_66' title='bbox 1077 1604 1111 1647; x_wconf 91' lang='lat' dir='ltr'>se</span> <span class='ocrx_word' id='word_1_67' title='bbox 1139 1582 1258 1648; x_wconf 85' lang='lat' dir='ltr'>divino</span> <span class='ocrx_word' id='word_1_68' title='bbox 1276 1581 1403 1667; x_wconf 87' lang='lat' dir='ltr'>judicio</span> 
     </span>
     <span class='ocr_line' id='line_1_10' title="bbox 348 1684 1453 1774; baseline -0.006 -22"><span class='ocrx_word' id='word_1_69' title='bbox 348 1688 389 1753; x_wconf 90' lang='lat' dir='ltr'>de</span> <span class='ocrx_word' id='word_1_70' title='bbox 411 1691 603 1774; x_wconf 87' lang='lat' dir='ltr'>perpetrata</span> <span class='ocrx_word' id='word_1_71' title='bbox 624 1685 802 1771; x_wconf 82' lang='lat' dir='ltr'>iniquitate</span> <span class='ocrx_word' id='word_1_72' title='bbox 825 1684 895 1750; x_wconf 84' lang='lat' dir='ltr'>fore</span> <span class='ocrx_word' id='word_1_73' title='bbox 917 1685 1065 1764; x_wconf 86' lang='lat' dir='ltr'>scientes,</span> <span class='ocrx_word' id='word_1_74' title='bbox 1081 1706 1102 1749; x_wconf 88' lang='lat' dir='ltr'>a</span> <span class='ocrx_word' id='word_1_75' title='bbox 1123 1684 1246 1771; x_wconf 90' lang='lat' dir='ltr'>quibus</span> <span class='ocrx_word' id='word_1_76' title='bbox 1269 1689 1401 1750; x_wconf 88' lang='lat' dir='ltr'>senten-</span> <span class='ocrx_word' id='word_1_77' title='bbox 1449 1736 1453 1745; x_wconf 91' lang='lat'>.</span> 
     </span>
     <span class='ocr_line' id='line_1_11' title="bbox 349 1785 1402 1875; baseline -0.005 -21"><span class='ocrx_word' id='word_1_78' title='bbox 349 1790 407 1855; x_wconf 92' lang='lat' dir='ltr'>tiis</span> <span class='ocrx_word' id='word_1_79' title='bbox 428 1794 463 1853; x_wconf 93' lang='lat' dir='ltr'>et</span> <span class='ocrx_word' id='word_1_80' title='bbox 493 1789 610 1875; x_wconf 87' lang='lat' dir='ltr'>poenis,</span> <span class='ocrx_word' id='word_1_81' title='bbox 626 1787 692 1851; x_wconf 89' lang='lat' dir='ltr'>nisi</span> <span class='ocrx_word' id='word_1_82' title='bbox 722 1808 781 1873; x_wconf 94' lang='lat' dir='ltr'>per</span> <span class='ocrx_word' id='word_1_83' title='bbox 812 1785 998 1852; x_wconf 87' lang='lat' dir='ltr'>Romanum</span> <span class='ocrx_word' id='word_1_84' title='bbox 1032 1786 1228 1852; x_wconf 86' lang='lat' dir='ltr'>Pontificem</span> <span class='ocrx_word' id='word_1_85' title='bbox 1258 1792 1321 1853; x_wconf 88' lang='lat' dir='ltr'>aut</span> <span class='ocrx_word' id='word_1_86' title='bbox 1342 1787 1402 1852; x_wconf 89' lang='lat' dir='ltr'>loci</span> 
     </span>
     <span class='ocr_line' id='line_1_12' title="bbox 349 1888 1404 1975; baseline -0.003 -19"><span class='ocrx_word' id='word_1_87' title='bbox 349 1892 577 1967; x_wconf 76' lang='lat' dir='ltr'>dioecesanum,</span> <span class='ocrx_word' id='word_1_88' title='bbox 594 1889 660 1954; x_wconf 90' lang='lat' dir='ltr'>nisi</span> <span class='ocrx_word' id='word_1_89' title='bbox 679 1890 714 1954; x_wconf 90' lang='lat' dir='ltr'>in</span> <span class='ocrx_word' id='word_1_90' title='bbox 738 1888 879 1954; x_wconf 88' lang='lat' dir='ltr'>articulo</span> <span class='ocrx_word' id='word_1_91' title='bbox 900 1888 1018 1955; x_wconf 91' lang='lat' dir='ltr'>mortis</span> <span class='ocrx_word' id='word_1_92' title='bbox 1033 1888 1217 1969; x_wconf 90' lang='lat' dir='ltr'>constituti,</span> <span class='ocrx_word' id='word_1_93' title='bbox 1233 1888 1404 1975; x_wconf 73' lang='lat' dir='ltr'>praemissa</span> 
     </span>
     <span class='ocr_line' id='line_1_13' title="bbox 346 1990 1402 2080; baseline -0.003 -21"><span class='ocrx_word' id='word_1_94' title='bbox 346 1999 458 2059; x_wconf 87' lang='lat' dir='ltr'>tamen</span> <span class='ocrx_word' id='word_1_95' title='bbox 490 2014 634 2080; x_wconf 87' lang='lat' dir='ltr'>congrua</span> <span class='ocrx_word' id='word_1_96' title='bbox 665 1991 899 2072; x_wconf 78' lang='lat' dir='ltr'>satisfactione,</span> <span class='ocrx_word' id='word_1_97' title='bbox 923 1990 1051 2057; x_wconf 81' lang='lat' dir='ltr'>absolvi</span> <span class='ocrx_word' id='word_1_98' title='bbox 1081 2013 1148 2056; x_wconf 92' lang='lat' dir='ltr'>non</span> <span class='ocrx_word' id='word_1_99' title='bbox 1181 1991 1315 2078; x_wconf 88' lang='lat' dir='ltr'>possint</span> <span class='ocrx_word' id='word_1_100' title='bbox 1345 2012 1402 2056; x_wconf 89' lang='lat' dir='ltr'>seu</span> 
     </span>
     <span class='ocr_line' id='line_1_14' title="bbox 346 2093 1402 2174; baseline -0.003 -12"><span class='ocrx_word' id='word_1_101' title='bbox 346 2096 489 2174; x_wconf 86' lang='lat' dir='ltr'>valeant,</span> <span class='ocrx_word' id='word_1_102' title='bbox 520 2117 588 2159; x_wconf 94' lang='lat' dir='ltr'>non</span> <span class='ocrx_word' id='word_1_103' title='bbox 618 2094 828 2159; x_wconf 84' lang='lat' dir='ltr'>obstantibus</span> <span class='ocrx_word' id='word_1_104' title='bbox 865 2093 1161 2159; x_wconf 82' lang='lat' dir='ltr'>constitutionibus</span> <span class='ocrx_word' id='word_1_105' title='bbox 1200 2099 1237 2159; x_wconf 87' lang='lat' dir='ltr'>et</span> <span class='ocrx_word' id='word_1_106' title='bbox 1272 2094 1402 2160; x_wconf 83' lang='lat' dir='ltr'>ordina-</span> 
     </span>
     <span class='ocr_line' id='line_1_15' title="bbox 346 2195 1403 2282; baseline -0.004 -18"><span class='ocrx_word' id='word_1_107' title='bbox 346 2199 494 2264; x_wconf 88' lang='lat' dir='ltr'>tionibus</span> <span class='ocrx_word' id='word_1_108' title='bbox 516 2196 725 2282; x_wconf 88' lang='lat' dir='ltr'>Apostolicis‚</span> <span class='ocrx_word' id='word_1_109' title='bbox 749 2218 879 2262; x_wconf 90' lang='lat' dir='ltr'>necnon</span> <span class='ocrx_word' id='word_1_110' title='bbox 900 2197 997 2262; x_wconf 86' lang='lat' dir='ltr'>bonae</span> <span class='ocrx_word' id='word_1_111' title='bbox 1020 2195 1186 2262; x_wconf 78' lang='lat' dir='ltr'>memoriae</span> <span class='ocrx_word' id='word_1_112' title='bbox 1211 2195 1348 2262; x_wconf 86' lang='lat' dir='ltr'>Ottonis</span> <span class='ocrx_word' id='word_1_113' title='bbox 1370 2201 1403 2263; x_wconf 91' lang='lat' dir='ltr'>et</span> 
     </span>
     <span class='ocr_line' id='line_1_16' title="bbox 346 2298 1403 2386; baseline 0 -22"><span class='ocrx_word' id='word_1_114' title='bbox 346 2298 512 2366; x_wconf 87' lang='lat' dir='ltr'>Octoboni</span> <span class='ocrx_word' id='word_1_115' title='bbox 535 2299 614 2364; x_wconf 91' lang='lat' dir='ltr'>olim</span> <span class='ocrx_word' id='word_1_116' title='bbox 638 2299 676 2363; x_wconf 92' lang='lat' dir='ltr'>in</span> <span class='ocrx_word' id='word_1_117' title='bbox 700 2299 789 2364; x_wconf 89' lang='lat' dir='ltr'>dieto</span> <span class='ocrx_word' id='word_1_118' title='bbox 816 2321 919 2386; x_wconf 82' lang='lat' dir='ltr'>regno</span> <span class='ocrx_word' id='word_1_119' title='bbox 941 2299 1141 2385; x_wconf 85' lang='lat' dir='ltr'>Apostolieae</span> <span class='ocrx_word' id='word_1_120' title='bbox 1165 2298 1255 2364; x_wconf 83' lang='lat' dir='ltr'>sedis</span> <span class='ocrx_word' id='word_1_121' title='bbox 1278 2298 1403 2385; x_wconf 72' lang='lat' dir='ltr'>legate</span> 
     </span>
     <span class='ocr_line' id='line_1_17' title="bbox 345 2399 1404 2489; baseline 0 -22"><span class='ocrx_word' id='word_1_122' title='bbox 345 2424 427 2480; x_wconf 86' lang='lat' dir='ltr'>rum,</span> <span class='ocrx_word' id='word_1_123' title='bbox 444 2424 481 2468; x_wconf 86' lang='lat' dir='ltr'>ae</span> <span class='ocrx_word' id='word_1_124' title='bbox 503 2402 540 2466; x_wconf 94' lang='lat' dir='ltr'>in</span> <span class='ocrx_word' id='word_1_125' title='bbox 555 2399 815 2489; x_wconf 86' lang='lat' dir='ltr'>provincialibus</span> <span class='ocrx_word' id='word_1_126' title='bbox 838 2407 872 2467; x_wconf 89' lang='lat' dir='ltr'>et</span> <span class='ocrx_word' id='word_1_127' title='bbox 894 2401 1111 2488; x_wconf 81' lang='lat' dir='ltr'>synodalibus</span> <span class='ocrx_word' id='word_1_128' title='bbox 1133 2401 1291 2479; x_wconf 90' lang='lat' dir='ltr'>conciliis,</span> <span class='ocrx_word' id='word_1_129' title='bbox 1306 2423 1404 2488; x_wconf 82' lang='lat' dir='ltr'>gene·</span> 
     </span>
     <span class='ocr_line' id='line_1_18' title="bbox 345 2506 1404 2593; baseline -0.001 -21"><span class='ocrx_word' id='word_1_130' title='bbox 345 2507 469 2572; x_wconf 72' lang='lat' dir='ltr'>talibus</span> <span class='ocrx_word' id='word_1_131' title='bbox 491 2507 545 2571; x_wconf 87' lang='lat' dir='ltr'>vel</span> <span class='ocrx_word' id='word_1_132' title='bbox 567 2507 772 2593; x_wconf 84' lang='lat' dir='ltr'>specialibus,</span> <span class='ocrx_word' id='word_1_133' title='bbox 798 2506 905 2587; x_wconf 86' lang='lat' dir='ltr'>editis,</span> <span class='ocrx_word' id='word_1_134' title='bbox 929 2506 1110 2593; x_wconf 89' lang='lat' dir='ltr'>ceterisque</span> <span class='ocrx_word' id='word_1_135' title='bbox 1132 2506 1310 2572; x_wconf 84' lang='lat' dir='ltr'>contrariis</span> <span class='ocrx_word' id='word_1_136' title='bbox 1332 2506 1404 2593; x_wconf 90' lang='lat' dir='ltr'>qui·</span> 
     </span>
     <span class='ocr_line' id='line_1_19' title="bbox 346 2610 543 2695; baseline -0.015 -20"><span class='ocrx_word' id='word_1_137' title='bbox 346 2610 543 2695; x_wconf 89' lang='lat' dir='ltr'>buscunque.</span> 
     </span>
    </p>

    <p class='ocr_par' dir='ltr' id='par_1_3' title="bbox 345 2709 1405 3104">
     <span class='ocr_line' id='line_1_20' title="bbox 397 2709 1402 2797; baseline 0 -20"><span class='ocrx_word' id='word_1_138' title='bbox 397 2710 565 2777; x_wconf 72' lang='lat' dir='ltr'>Volcanus</span> <span class='ocrx_word' id='word_1_139' title='bbox 587 2711 701 2786; x_wconf 64' lang='lat' dir='ltr'>ettam,</span> <span class='ocrx_word' id='word_1_140' title='bbox 728 2709 816 2796; x_wconf 91' lang='lat' dir='ltr'>quod</span> <span class='ocrx_word' id='word_1_141' title='bbox 847 2730 1062 2797; x_wconf 85' lang='lat' dir='ltr'>quaecumque</span> <span class='ocrx_word' id='word_1_142' title='bbox 1093 2710 1319 2777; x_wconf 86' lang='lat' dir='ltr'>concessiones</span> <span class='ocrx_word' id='word_1_143' title='bbox 1342 2732 1402 2777; x_wconf 88' lang='lat' dir='ltr'>scu</span> 
     </span>
     <span class='ocr_line' id='line_1_21' title="bbox 345 2812 1403 2900; baseline -0.001 -21"><span class='ocrx_word' id='word_1_144' title='bbox 345 2815 478 2879; x_wconf 90' lang='lat' dir='ltr'>indulta</span> <span class='ocrx_word' id='word_1_145' title='bbox 507 2815 548 2878; x_wconf 90' lang='lat' dir='ltr'>de</span> <span class='ocrx_word' id='word_1_146' title='bbox 577 2812 776 2877; x_wconf 86' lang='lat' dir='ltr'>absolvendo</span> <span class='ocrx_word' id='word_1_147' title='bbox 806 2832 869 2892; x_wconf 88' lang='lat' dir='ltr'>eos,</span> <span class='ocrx_word' id='word_1_148' title='bbox 893 2833 951 2877; x_wconf 93' lang='lat' dir='ltr'>seu</span> <span class='ocrx_word' id='word_1_149' title='bbox 981 2813 1131 2900; x_wconf 87' lang='lat' dir='ltr'>eligendo</span> <span class='ocrx_word' id='word_1_150' title='bbox 1159 2814 1344 2880; x_wconf 81' lang='lat' dir='ltr'>confessore</span> <span class='ocrx_word' id='word_1_151' title='bbox 1366 2814 1403 2879; x_wconf 92' lang='lat' dir='ltr'>in</span> 
     </span>
     <span class='ocr_line' id='line_1_22' title="bbox 347 2913 1401 3003; baseline -0.001 -21"><span class='ocrx_word' id='word_1_152' title='bbox 347 2917 476 2982; x_wconf 87' lang='lat' dir='ltr'>casibus</span> <span class='ocrx_word' id='word_1_153' title='bbox 498 2915 684 2993; x_wconf 85' lang='lat' dir='ltr'>reservatis,</span> <span class='ocrx_word' id='word_1_154' title='bbox 708 2913 765 2999; x_wconf 88' lang='lat' dir='ltr'>qui</span> <span class='ocrx_word' id='word_1_155' title='bbox 788 2935 843 2979; x_wconf 90' lang='lat' dir='ltr'>eos</span> <span class='ocrx_word' id='word_1_156' title='bbox 866 2914 1027 2994; x_wconf 84' lang='lat' dir='ltr'>absolvat,</span> <span class='ocrx_word' id='word_1_157' title='bbox 1051 2936 1191 3003; x_wconf 79' lang='lat' dir='ltr'>pennos</span> <span class='ocrx_word' id='word_1_158' title='bbox 1215 2916 1271 2981; x_wconf 79' lang='lat' dir='ltr'>vel</span> <span class='ocrx_word' id='word_1_159' title='bbox 1293 2918 1401 2983; x_wconf 86' lang='lat' dir='ltr'>sedem</span> 
     </span>
     <span class='ocr_line' id='line_1_23' title="bbox 348 3010 1405 3104; baseline 0.002 -22"><span class='ocrx_word' id='word_1_160' title='bbox 348 3019 572 3104; x_wconf 87' lang='lat' dir='ltr'>Apostolicam</span> <span class='ocrx_word' id='word_1_161' title='bbox 597 3038 748 3082; x_wconf 88' lang='lat' dir='ltr'>concessa</span> <span class='ocrx_word' id='word_1_162' title='bbox 769 3021 804 3081; x_wconf 92' lang='lat' dir='ltr'>et</span> <span class='ocrx_word' id='word_1_163' title='bbox 830 3010 1056 3103; x_wconf 86' lang='lat' dir='ltr'>inposterum</span> <span class='ocrx_word' id='word_1_164' title='bbox 1083 3018 1300 3096; x_wconf 84' lang='lat' dir='ltr'>concedenda,</span> <span class='ocrx_word' id='word_1_165' title='bbox 1328 3020 1405 3085; x_wconf 84' lang='lat' dir='ltr'>tali·</span> 
     </span>
    </p>

    <p class='ocr_par' dir='ltr' id='par_1_4' title="bbox 121 3120 1404 3308">
     <span class='ocr_line' id='line_1_24' title="bbox 121 3120 1404 3208; baseline 0.002 -24"><span class='ocrx_word' id='word_1_166' title='bbox 121 3140 325 3203; x_wconf 74' lang='lat' dir='ltr'>Audevorylrch·</span> <span class='ocrx_word' id='word_1_167' title='bbox 349 3123 411 3185; x_wconf 87' lang='lat' dir='ltr'>bus</span> <span class='ocrx_word' id='word_1_168' title='bbox 434 3121 622 3185; x_wconf 84' lang='lat' dir='ltr'>nullatenus</span> <span class='ocrx_word' id='word_1_169' title='bbox 650 3120 881 3205; x_wconf 79' lang='lat' dir='ltr'>suffragentur,</span> <span class='ocrx_word' id='word_1_170' title='bbox 906 3122 1057 3205; x_wconf 91' lang='lat' dir='ltr'>quodque</span> <span class='ocrx_word' id='word_1_171' title='bbox 1090 3142 1201 3185; x_wconf 89' lang='lat' dir='ltr'>omnes</span> <span class='ocrx_word' id='word_1_172' title='bbox 1233 3122 1404 3208; x_wconf 88' lang='lat' dir='ltr'>Archiepi-</span> 
     </span>
     <span class='ocr_line' id='line_1_25' title="bbox 121 3192 1404 3308; baseline 0.004 -23"><span class='ocrx_word' id='word_1_173' title='bbox 121 3192 318 3294; x_wconf 65' lang='lat' dir='ltr'>illttlliuu</span> <span class='ocrx_word' id='word_1_174' title='bbox 350 3225 438 3308; x_wconf 78' lang='lat' dir='ltr'>scopi</span> <span class='ocrx_word' id='word_1_175' title='bbox 463 3229 496 3286; x_wconf 89' lang='lat' dir='ltr'>et</span> <span class='ocrx_word' id='word_1_176' title='bbox 523 3220 672 3307; x_wconf 81' lang='lat' dir='ltr'>Episcopi</span> <span class='ocrx_word' id='word_1_177' title='bbox 698 3222 779 3286; x_wconf 88' lang='lat' dir='ltr'>dicti</span> <span class='ocrx_word' id='word_1_178' title='bbox 804 3224 896 3308; x_wconf 80' lang='lat' dir='ltr'>regni</span> <span class='ocrx_word' id='word_1_179' title='bbox 922 3245 959 3287; x_wconf 86' lang='lat' dir='ltr'>ac</span> <span class='ocrx_word' id='word_1_180' title='bbox 983 3225 1084 3287; x_wconf 87' lang='lat' dir='ltr'>ctiam</span> <span class='ocrx_word' id='word_1_181' title='bbox 1108 3223 1247 3288; x_wconf 89' lang='lat' dir='ltr'>dominii</span> <span class='ocrx_word' id='word_1_182' title='bbox 1272 3224 1404 3290; x_wconf 81' lang='lat' dir='ltr'>Walliae</span> 
     </span>
    </p>
   </div>
   <div class='ocr_carea' id='block_1_3' title="bbox 121 3292 325 3343">
    <p class='ocr_par' dir='ltr' id='par_1_5' title="bbox 121 3292 325 3343">
     <span class='ocr_line' id='line_1_26' title="bbox 121 3292 325 3343; baseline -0.015 -8"><span class='ocrx_word' id='word_1_183' title='bbox 121 3294 161 3335; x_wconf 89' lang='lat' dir='ltr'>the</span> <span class='ocrx_word' id='word_1_184' title='bbox 170 3293 220 3335; x_wconf 83' lang='lat' dir='ltr'>ssrst</span> <span class='ocrx_word' id='word_1_185' title='bbox 232 3292 325 3343; x_wconf 74' lang='lat' dir='ltr'>Suuday</span> 
     </span>
    </p>
   </div>
   <div class='ocr_carea' id='block_1_4' title="bbox 120 3325 1400 3447">
    <p class='ocr_par' dir='ltr' id='par_1_6' title="bbox 120 3325 1400 3447">
     <span class='ocr_line' id='line_1_27' title="bbox 120 3325 1400 3447; baseline 0.004 -60"><span class='ocrx_word' id='word_1_186' title='bbox 120 3344 299 3447; x_wconf 43' lang='lat' dir='ltr'>{gpnrpntmppppd</span> <span class='ocrx_word' id='word_1_187' title='bbox 350 3326 523 3389; x_wconf 86' lang='lat' dir='ltr'>aunuatim</span> <span class='ocrx_word' id='word_1_188' title='bbox 550 3330 727 3410; x_wconf 53' lang='lat' dir='ltr'>praesentes</span> <span class='ocrx_word' id='word_1_189' title='bbox 750 3325 862 3389; x_wconf 84' lang='lat' dir='ltr'>literas</span> <span class='ocrx_word' id='word_1_190' title='bbox 884 3326 938 3389; x_wconf 89' lang='lat' dir='ltr'>vel</span> <span class='ocrx_word' id='word_1_191' title='bbox 966 3348 1077 3390; x_wconf 86' lang='lat' dir='ltr'>earum</span> <span class='ocrx_word' id='word_1_192' title='bbox 1100 3327 1337 3414; x_wconf 85' lang='lat' dir='ltr'>transcriptum</span> <span class='ocrx_word' id='word_1_193' title='bbox 1365 3330 1400 3392; x_wconf 92' lang='lat' dir='ltr'>in</span> 
     </span>
    </p>
   </div>
   <div class='ocr_carea' id='block_1_5' title="bbox 120 3427 1403 3538">
    <p class='ocr_par' dir='ltr' id='par_1_7' title="bbox 120 3427 1403 3538">
     <span class='ocr_line' id='line_1_28' title="bbox 120 3427 1403 3538; baseline 0.005 -51"><span class='ocrx_word' id='word_1_194' title='bbox 120 3444 328 3538; x_wconf 48' lang='lat' dir='ltr'>pppppuorpppse</span> <span class='ocrx_word' id='word_1_195' title='bbox 349 3428 454 3514; x_wconf 84' lang='lat' dir='ltr'>primo</span> <span class='ocrx_word' id='word_1_196' title='bbox 489 3428 541 3491; x_wconf 82' lang='lat' dir='ltr'>die</span> <span class='ocrx_word' id='word_1_197' title='bbox 573 3427 747 3491; x_wconf 85' lang='lat' dir='ltr'>Dominico</span> <span class='ocrx_word' id='word_1_198' title='bbox 783 3427 1047 3513; x_wconf 78' lang='lat' dir='ltr'>Quadragesimoe</span> <span class='ocrx_word' id='word_1_199' title='bbox 1078 3430 1244 3514; x_wconf 89' lang='lat' dir='ltr'>perpetuis</span> <span class='ocrx_word' id='word_1_200' title='bbox 1282 3430 1403 3494; x_wconf 78' lang='lat' dir='ltr'>firturis</span> 
     </span>
    </p>
   </div>
   <div class='ocr_carea' id='block_1_6' title="bbox 121 3530 1403 3639">
    <p class='ocr_par' dir='ltr' id='par_1_8' title="bbox 121 3530 1403 3639">
     <span class='ocr_line' id='line_1_29' title="bbox 121 3530 1403 3639; baseline 0.002 -45"><span class='ocrx_word' id='word_1_201' title='bbox 121 3544 310 3639; x_wconf 50' lang='lat' dir='ltr'>pppilpipptpeipml</span> <span class='ocrx_word' id='word_1_202' title='bbox 349 3530 559 3615; x_wconf 87' lang='lat' dir='ltr'>temporibus,</span> <span class='ocrx_word' id='word_1_203' title='bbox 583 3531 643 3593; x_wconf 88' lang='lat' dir='ltr'>sub</span> <span class='ocrx_word' id='word_1_204' title='bbox 666 3530 888 3614; x_wconf 81' lang='lat' dir='ltr'>suspensionis</span> <span class='ocrx_word' id='word_1_205' title='bbox 910 3552 1018 3615; x_wconf 86' lang='lat' dir='ltr'>poena,</span> <span class='ocrx_word' id='word_1_206' title='bbox 1042 3531 1076 3593; x_wconf 90' lang='lat' dir='ltr'>in</span> <span class='ocrx_word' id='word_1_207' title='bbox 1101 3553 1215 3596; x_wconf 90' lang='lat' dir='ltr'>eorum</span> <span class='ocrx_word' id='word_1_208' title='bbox 1231 3532 1403 3596; x_wconf 88' lang='lat' dir='ltr'>cathedra-</span> 
     </span>
    </p>
   </div>
   <div class='ocr_carea' id='block_1_7' title="bbox 120 3632 1403 3740">
    <p class='ocr_par' dir='ltr' id='par_1_9' title="bbox 120 3632 1403 3740">
     <span class='ocr_line' id='line_1_30' title="bbox 120 3632 1403 3740; baseline 0.004 -46"><span class='ocrx_word' id='word_1_209' title='bbox 120 3647 314 3740; x_wconf 52' lang='lat' dir='ltr'>3fflfflffiffi</span> <span class='ocrx_word' id='word_1_210' title='bbox 349 3634 444 3712; x_wconf 82' lang='lat' dir='ltr'>libus,</span> <span class='ocrx_word' id='word_1_211' title='bbox 469 3639 503 3696; x_wconf 93' lang='lat' dir='ltr'>et</span> <span class='ocrx_word' id='word_1_212' title='bbox 533 3632 606 3695; x_wconf 84' lang='lat' dir='ltr'>aliis</span> <span class='ocrx_word' id='word_1_213' title='bbox 637 3633 779 3696; x_wconf 88' lang='lat' dir='ltr'>ecclesiis</span> <span class='ocrx_word' id='word_1_214' title='bbox 810 3633 868 3696; x_wconf 90' lang='lat' dir='ltr'>ubi</span> <span class='ocrx_word' id='word_1_215' title='bbox 899 3634 1004 3718; x_wconf 85' lang='lat' dir='ltr'>major</span> <span class='ocrx_word' id='word_1_216' title='bbox 1035 3655 1110 3718; x_wconf 79' lang='lat' dir='ltr'>pars</span> <span class='ocrx_word' id='word_1_217' title='bbox 1140 3633 1254 3719; x_wconf 90' lang='lat' dir='ltr'>populi</span> <span class='ocrx_word' id='word_1_218' title='bbox 1288 3635 1403 3706; x_wconf 86' lang='lat' dir='ltr'>aderit,</span> 
     </span>
    </p>
   </div>
   <div class='ocr_carea' id='block_1_8' title="bbox 119 3734 1403 3849">
    <p class='ocr_par' dir='ltr' id='par_1_10' title="bbox 119 3734 1403 3849">
     <span class='ocr_line' id='line_1_31' title="bbox 119 3734 1403 3849; baseline 0.006 -55"><span class='ocrx_word' id='word_1_219' title='bbox 119 3748 336 3849; x_wconf 50' lang='lat' dir='ltr'>prpglpupitpppcs</span> <span class='ocrx_word' id='word_1_220' title='bbox 349 3735 479 3821; x_wconf 91' lang='lat' dir='ltr'>publico</span> <span class='ocrx_word' id='word_1_221' title='bbox 502 3757 558 3821; x_wconf 86' lang='lat' dir='ltr'>pur</span> <span class='ocrx_word' id='word_1_222' title='bbox 584 3756 617 3799; x_wconf 92' lang='lat' dir='ltr'>se</span> <span class='ocrx_word' id='word_1_223' title='bbox 642 3734 696 3798; x_wconf 91' lang='lat' dir='ltr'>vel</span> <span class='ocrx_word' id='word_1_224' title='bbox 726 3735 828 3798; x_wconf 87' lang='lat' dir='ltr'>alium</span> <span class='ocrx_word' id='word_1_225' title='bbox 855 3756 911 3799; x_wconf 91' lang='lat' dir='ltr'>seu</span> <span class='ocrx_word' id='word_1_226' title='bbox 939 3736 1020 3800; x_wconf 87' lang='lat' dir='ltr'>alios</span> <span class='ocrx_word' id='word_1_227' title='bbox 1050 3736 1156 3822; x_wconf 86' lang='lat' dir='ltr'>legere</span> <span class='ocrx_word' id='word_1_228' title='bbox 1180 3741 1215 3800; x_wconf 91' lang='lat' dir='ltr'>et</span> <span class='ocrx_word' id='word_1_229' title='bbox 1239 3758 1403 3823; x_wconf 86' lang='lat' dir='ltr'>exponere</span> 
     </span>
    </p>
   </div>
   <div class='ocr_carea' id='block_1_9' title="bbox 119 3837 1403 4223">
    <p class='ocr_par' dir='ltr' id='par_1_11' title="bbox 119 3837 1403 4223">
     <span class='ocr_line' id='line_1_32' title="bbox 119 3837 1402 3925; baseline 0.005 -27"><span class='ocrx_word' id='word_1_230' title='bbox 119 3848 254 3899; x_wconf 63' lang='lat' dir='ltr'>ordinarem</span> <span class='ocrx_word' id='word_1_231' title='bbox 348 3861 385 3902; x_wconf 86' lang='lat' dir='ltr'>ac</span> <span class='ocrx_word' id='word_1_232' title='bbox 403 3838 580 3925; x_wconf 85' lang='lat' dir='ltr'>publicare,</span> <span class='ocrx_word' id='word_1_233' title='bbox 595 3859 652 3901; x_wconf 84' lang='lat' dir='ltr'>seu</span> <span class='ocrx_word' id='word_1_234' title='bbox 672 3837 801 3923; x_wconf 83' lang='lat' dir='ltr'>exponi,</span> <span class='ocrx_word' id='word_1_235' title='bbox 821 3838 895 3923; x_wconf 85' lang='lat' dir='ltr'>legi,</span> <span class='ocrx_word' id='word_1_236' title='bbox 913 3844 947 3903; x_wconf 92' lang='lat' dir='ltr'>et</span> <span class='ocrx_word' id='word_1_237' title='bbox 968 3838 1129 3923; x_wconf 88' lang='lat' dir='ltr'>publicari</span> <span class='ocrx_word' id='word_1_238' title='bbox 1145 3839 1249 3903; x_wconf 86' lang='lat' dir='ltr'>facere</span> <span class='ocrx_word' id='word_1_239' title='bbox 1266 3846 1402 3904; x_wconf 88' lang='lat' dir='ltr'>tenean-</span> 
     </span>
     <span class='ocr_line' id='line_1_33' title="bbox 347 3939 1403 4026; baseline 0.003 -22"><span class='ocrx_word' id='word_1_240' title='bbox 347 3947 411 4018; x_wconf 89' lang='lat' dir='ltr'>tur,</span> <span class='ocrx_word' id='word_1_241' title='bbox 434 3946 473 4004; x_wconf 93' lang='lat' dir='ltr'>ut</span> <span class='ocrx_word' id='word_1_242' title='bbox 501 3939 725 4026; x_wconf 85' lang='lat' dir='ltr'>ignorantiam</span> <span class='ocrx_word' id='word_1_243' title='bbox 749 3941 926 4025; x_wconf 68' lang='lat' dir='ltr'>praemissae</span> <span class='ocrx_word' id='word_1_244' title='bbox 945 3941 1194 4005; x_wconf 88' lang='lat' dir='ltr'>constitutionis</span> <span class='ocrx_word' id='word_1_245' title='bbox 1209 3942 1403 4009; x_wconf 86' lang='lat' dir='ltr'>nullatenus</span> 
     </span>
     <span class='ocr_line' id='line_1_34' title="bbox 347 4041 1402 4130; baseline 0.004 -24"><span class='ocrx_word' id='word_1_246' title='bbox 347 4043 559 4128; x_wconf 69' lang='lat' dir='ltr'>praetendere,</span> <span class='ocrx_word' id='word_1_247' title='bbox 576 4048 610 4107; x_wconf 89' lang='lat' dir='ltr'>ct</span> <span class='ocrx_word' id='word_1_248' title='bbox 633 4042 674 4106; x_wconf 84' lang='lat' dir='ltr'>ab</span> <span class='ocrx_word' id='word_1_249' title='bbox 698 4041 887 4125; x_wconf 88' lang='lat' dir='ltr'>hujusmodi</span> <span class='ocrx_word' id='word_1_250' title='bbox 909 4041 1041 4127; x_wconf 84' lang='lat' dir='ltr'>injuriis</span> <span class='ocrx_word' id='word_1_251' title='bbox 1064 4044 1168 4123; x_wconf 88' lang='lat' dir='ltr'>malis,</span> <span class='ocrx_word' id='word_1_252' title='bbox 1185 4044 1214 4108; x_wconf 90' lang='lat' dir='ltr'>si</span> <span class='ocrx_word' id='word_1_253' title='bbox 1237 4045 1402 4130; x_wconf 79' lang='lat' dir='ltr'>gehennae</span> 
     </span>
     <span class='ocr_line' id='line_1_35' title="bbox 346 4145 1403 4223; baseline 0.007 -16"><span class='ocrx_word' id='word_1_254' title='bbox 346 4146 534 4210; x_wconf 87' lang='lat' dir='ltr'>incendium</span> <span class='ocrx_word' id='word_1_255' title='bbox 565 4146 691 4210; x_wconf 86' lang='lat' dir='ltr'>evitare</span> <span class='ocrx_word' id='word_1_256' title='bbox 715 4146 891 4223; x_wconf 87' lang='lat' dir='ltr'>voluerint,</span> <span class='ocrx_word' id='word_1_257' title='bbox 907 4145 1037 4210; x_wconf 87' lang='lat' dir='ltr'>fidelius</span> <span class='ocrx_word' id='word_1_258' title='bbox 1064 4147 1200 4211; x_wconf 87' lang='lat' dir='ltr'>valeant</span> <span class='ocrx_word' id='word_1_259' title='bbox 1224 4148 1403 4214; x_wconf 86' lang='lat' dir='ltr'>abstinere.</span> 
     </span>
    </p>
   </div>
   <div class='ocr_carea' id='block_1_10' title="bbox 118 4247 1405 4364">
    <p class='ocr_par' dir='ltr' id='par_1_12' title="bbox 118 4247 1405 4364">
     <span class='ocr_line' id='line_1_36' title="bbox 118 4247 1405 4338; baseline 0.005 -29"><span class='ocrx_word' id='word_1_260' title='bbox 118 4260 164 4304; x_wconf 75' lang='lat' dir='ltr'>and</span> <span class='ocrx_word' id='word_1_261' title='bbox 173 4260 214 4304; x_wconf 80' lang='lat' dir='ltr'>the</span> <span class='ocrx_word' id='word_1_262' title='bbox 222 4271 284 4302; x_wconf 77' lang='lat' dir='ltr'>samo</span> <span class='ocrx_word' id='word_1_263' title='bbox 347 4248 390 4311; x_wconf 72' lang='lat' dir='ltr'>at</span> <span class='ocrx_word' id='word_1_264' title='bbox 406 4247 563 4333; x_wconf 58' lang='lat' dir='ltr'>inermes,</span> <span class='ocrx_word' id='word_1_265' title='bbox 579 4249 659 4333; x_wconf 85' lang='lat' dir='ltr'>quia</span> <span class='ocrx_word' id='word_1_266' title='bbox 680 4248 810 4313; x_wconf 87' lang='lat' dir='ltr'>difficile</span> <span class='ocrx_word' id='word_1_267' title='bbox 821 4250 907 4313; x_wconf 87' lang='lat' dir='ltr'>foret</span> <span class='ocrx_word' id='word_1_268' title='bbox 929 4254 1106 4334; x_wconf 72' lang='lat' dir='ltr'>praesentes</span> <span class='ocrx_word' id='word_1_269' title='bbox 1128 4249 1241 4313; x_wconf 88' lang='lat' dir='ltr'>literas</span> <span class='ocrx_word' id='word_1_270' title='bbox 1262 4252 1405 4338; x_wconf 81' lang='lat' dir='ltr'>singulis</span> 
     </span>
     <span class='ocr_line' id='line_1_37' title="bbox 119 4311 277 4364; baseline -0.006 -10"><span class='ocrx_word' id='word_1_271' title='bbox 119 4313 209 4364; x_wconf 85' lang='lat' dir='ltr'>respect</span> <span class='ocrx_word' id='word_1_272' title='bbox 218 4311 277 4353; x_wconf 88' lang='lat' dir='ltr'>shall</span> 
     </span>
    </p>
   </div>
   <div class='ocr_carea' id='block_1_11' title="bbox 119 4349 1404 4463">
    <p class='ocr_par' dir='ltr' id='par_1_13' title="bbox 119 4349 1404 4463">
     <span class='ocr_line' id='line_1_38' title="bbox 119 4349 1404 4463; baseline 0.005 -51"><span class='ocrx_word' id='word_1_273' title='bbox 119 4363 309 4463; x_wconf 38' lang='lat' dir='ltr'>ggppgpphpgr·</span> <span class='ocrx_word' id='word_1_274' title='bbox 347 4349 505 4425; x_wconf 84' lang='lat' dir='ltr'>exhiberi,</span> <span class='ocrx_word' id='word_1_275' title='bbox 538 4350 698 4415; x_wconf 79' lang='lat' dir='ltr'>colamus</span> <span class='ocrx_word' id='word_1_276' title='bbox 729 4357 759 4416; x_wconf 86' lang='lat' dir='ltr'>ct</span> <span class='ocrx_word' id='word_1_277' title='bbox 790 4352 904 4416; x_wconf 87' lang='lat' dir='ltr'>eadem</span> <span class='ocrx_word' id='word_1_278' title='bbox 942 4352 1142 4417; x_wconf 86' lang='lat' dir='ltr'>auctoritate</span> <span class='ocrx_word' id='word_1_279' title='bbox 1173 4352 1404 4431; x_wconf 73' lang='lat' dir='ltr'>dcccmo-imus,</span> 
     </span>
    </p>
   </div>
   <div class='ocr_carea' id='block_1_12' title="bbox 118 4453 1404 4555">
    <p class='ocr_par' dir='ltr' id='par_1_14' title="bbox 118 4453 1404 4555">
     <span class='ocr_line' id='line_1_39' title="bbox 118 4453 1404 4555; baseline 0.005 -41"><span class='ocrx_word' id='word_1_280' title='bbox 118 4462 312 4555; x_wconf 42' lang='lat' dir='ltr'>&amp;purget</span> <span class='ocrx_word' id='word_1_281' title='bbox 347 4453 435 4538; x_wconf 90' lang='lat' dir='ltr'>quod</span> <span class='ocrx_word' id='word_1_282' title='bbox 457 4453 604 4538; x_wconf 90' lang='lat' dir='ltr'>ipsarum</span> <span class='ocrx_word' id='word_1_283' title='bbox 627 4455 834 4539; x_wconf 87' lang='lat' dir='ltr'>transcripto,</span> <span class='ocrx_word' id='word_1_284' title='bbox 857 4476 958 4519; x_wconf 87' lang='lat' dir='ltr'>manu</span> <span class='ocrx_word' id='word_1_285' title='bbox 990 4455 1121 4541; x_wconf 89' lang='lat' dir='ltr'>publica</span> <span class='ocrx_word' id='word_1_286' title='bbox 1152 4460 1186 4520; x_wconf 87' lang='lat' dir='ltr'>et</span> <span class='ocrx_word' id='word_1_287' title='bbox 1209 4454 1319 4542; x_wconf 81' lang='lat' dir='ltr'>sigillo</span> <span class='ocrx_word' id='word_1_288' title='bbox 1342 4458 1404 4521; x_wconf 89' lang='lat' dir='ltr'>ali·</span> 
     </span>
    </p>
   </div>
   <div class='ocr_carea' id='block_1_13' title="bbox 117 4555 1404 4657">
    <p class='ocr_par' dir='ltr' id='par_1_15' title="bbox 117 4555 1404 4657">
     <span class='ocr_line' id='line_1_40' title="bbox 117 4555 1404 4657; baseline 0.008 -42"><span class='ocrx_word' id='word_1_289' title='bbox 117 4555 438 4657; x_wconf 49' lang='lat' dir='ltr'>{3235333303-,0011j115</span> <span class='ocrx_word' id='word_1_290' title='bbox 473 4555 626 4641; x_wconf 87' lang='lat' dir='ltr'>Episcopi</span> <span class='ocrx_word' id='word_1_291' title='bbox 649 4556 703 4619; x_wconf 90' lang='lat' dir='ltr'>vel</span> <span class='ocrx_word' id='word_1_292' title='bbox 735 4556 912 4643; x_wconf 85' lang='lat' dir='ltr'>superioris</span> <span class='ocrx_word' id='word_1_293' title='bbox 947 4558 1088 4622; x_wconf 87' lang='lat' dir='ltr'>ecclcsiae</span> <span class='ocrx_word' id='word_1_294' title='bbox 1109 4558 1163 4622; x_wconf 89' lang='lat' dir='ltr'>vel</span> <span class='ocrx_word' id='word_1_295' title='bbox 1189 4558 1290 4623; x_wconf 85' lang='lat' dir='ltr'>curiae</span> <span class='ocrx_word' id='word_1_296' title='bbox 1327 4581 1404 4624; x_wconf 93' lang='lat' dir='ltr'>mu·</span> 
     </span>
    </p>
   </div>
   <div class='ocr_carea' id='block_1_14' title="bbox 118 4645 1405 4757">
    <p class='ocr_par' dir='ltr' id='par_1_16' title="bbox 118 4645 1405 4757">
     <span class='ocr_line' id='line_1_41' title="bbox 118 4645 1405 4757; baseline 0.005 -37"><span class='ocrx_word' id='word_1_297' title='bbox 118 4645 263 4757; x_wconf 55' lang='lat' dir='ltr'>glggffigpfl</span> <span class='ocrx_word' id='word_1_298' title='bbox 296 4658 301 4666; x_wconf 85' lang='lat'>&#39;</span> <span class='ocrx_word' id='word_1_299' title='bbox 345 4658 427 4737; x_wconf 83' lang='lat' dir='ltr'>nite,</span> <span class='ocrx_word' id='word_1_300' title='bbox 443 4663 602 4744; x_wconf 88' lang='lat' dir='ltr'>tanquam</span> <span class='ocrx_word' id='word_1_301' title='bbox 619 4657 774 4745; x_wconf 74' lang='lat' dir='ltr'>praefatis,</span> <span class='ocrx_word' id='word_1_302' title='bbox 790 4658 819 4724; x_wconf 94' lang='lat' dir='ltr'>si</span> <span class='ocrx_word' id='word_1_303' title='bbox 841 4659 1014 4747; x_wconf 81' lang='lat' dir='ltr'>originales</span> <span class='ocrx_word' id='word_1_304' title='bbox 1031 4660 1278 4738; x_wconf 86' lang='lat' dir='ltr'>exhiberentur,</span> <span class='ocrx_word' id='word_1_305' title='bbox 1294 4661 1405 4727; x_wconf 88' lang='lat' dir='ltr'>literis</span> 
     </span>
    </p>
   </div>
   <div class='ocr_carea' id='block_1_15' title="bbox 0 0 1522 5468">
    <p class='ocr_par' dir='ltr' id='par_1_17' title="bbox 0 0 1522 5468">
     <span class='ocr_line' id='line_1_42' title="bbox 0 0 1522 5468; baseline 0 0"><span class='ocrx_word' id='word_1_306' title='bbox 0 0 1522 5468; x_wconf 95' lang='lat' dir='ltr'> </span> 
     </span>
    </p>
   </div>
  </div>
 </body>
</html>
