3036 5468
410 691 474 751 204
565 702 661 752 LIBRI
684 699 918 753 cuncutitnn
943 701 984 751 nr
1007 700 1300 752 Puotvnnronuu.

407 879 552 959 temporo
571 871 735 957 Moy-istri
749 871 941 959 liumfrtrti
963 872 1004 939 do
1021 872 1217 941 Odorlctone
1239 873 1464 952 Ooocellorii

406 974 624 1041 existenti-bos
650 974 755 1040 etiam
780 975 1068 1042 Procuratoribns
1089 975 1271 1063 uapor-rto
1298 975 1465 1045 Jotonm

405 1076 556 1163 Josetyn
579 1083 609 1143 ct
631 1075 832 1143 Alexandro
855 1076 897 1143 do
918 1077 1116 1165 Fserybryp.

451 1254 630 1321 statutum
655 1259 711 1330 cot,
737 1253 825 1339 quod
856 1252 968 1318 nullus
994 1254 1035 1318 do
1058 1257 1185 1332 cretero,
1208 1274 1309 1341 quem
1338 1257 1464 1342 gradus

406 1354 604 1440 magistralis
632 1354 756 1420 artium
787 1353 922 1419 minime
952 1355 1130 1434 decoravit,
1155 1356 1198 1420 ad
1229 1357 1463 1442 opponendum

404 1458 442 1522 in
463 1457 629 1545 theologia
661 1456 791 1544 publice
817 1461 1046 1543 praesentetur,
1074 1457 1139 1522 nisi
1164 1456 1255 1544 prins
1276 1457 1322 1523 ad
1353 1481 1464 1545 pomo·

385 1560 514 1625 ‚nalem
537 1558 785 1645 requisitionem
807 1562 842 1623 et
864 1556 1060 1622 instantiam
1076 1558 1124 1623 sic
1139 1560 1333 1645 piresontari
1347 1559 1463 1626 volen-

405 1661 449 1726 tis
482 1683 541 1747 per
574 1659 813 1727 Cancellarium
844 1663 879 1724 et
910 1659 1141 1725 Procuratores
1174 1660 1418 1727 Universitutis
1441 1684 1461 1725 a

179 1765 384 1818 nonmproeenrt
405 1762 536 1828 doctore
567 1763 698 1849 proprio
726 1760 872 1846 ejusdem
898 1760 1025 1826 ordinis
1048 1767 1082 1826 ct
1107 1762 1262 1848 Regento
1320 1763 1357 1829 Si
1381 1785 1460 1851 prur-

177 1816 229 1859 tion
237 1818 262 1859 to
274 1827 304 1868 op

178 1866 359 1969 {2⁰3qu
403 1865 584 1930 tentandus
598 1863 770 1949 religiosus
784 1863 885 1927 fuerit
902 1869 937 1929 et
962 1864 1132 1950 proprium
1147 1864 1269 1930 lrabeat
1284 1866 1457 1943 doctorem,

178 1965 375 2060 fflgwffl
404 1967 533 2032 collatio
566 1965 727 2030 habeatur
760 1965 937 2049 singularis
968 1969 1003 2029 et
1035 1964 1207 2050 inquisitio
1237 1967 1390 2052 specialis
1418 1968 1456 2032 do

179 2066 391 2167 fflffifflffgss·
404 2068 549 2152 ejusdem
588 2065 726 2131 scientia
759 2064 898 2144 liberali,
938 2064 1049 2130 aetatis
1087 2067 1293 2149 maturitate,
1331 2090 1455 2134 morum

178 2165 393 2265 Pgffigfflfdfflss?
404 2168 578 2255 gravitate,
602 2171 741 2232 steturae
764 2167 926 2247 decentia,
949 2187 987 2231 ac
1010 2167 1145 2246 caetcris,
1174 2190 1249 2253 quae
1280 2170 1360 2235 tulis
1390 2192 1456 2258 per·

178 2265 494 2368 ffiffbffiffisonae
523 2273 711 2357 congruunt
743 2268 920 2334 honestati.
967 2270 1064 2349 Quod
1093 2270 1123 2335 si
1146 2271 1182 2335 in
1204 2273 1385 2360 prmmissis
1406 2271 1454 2337 vel

178 2366 392 2468 ffiuffldhsshss„
404 2372 514 2457 aliquo
536 2371 778 2459 praemissorum
794 2370 905 2435 minus
927 2371 1064 2436 idoneus
1079 2371 1134 2437 vel
1150 2372 1350 2440 insufficiens
1364 2396 1454 2462 repu-

177 2448 496 2570 fflffiiffimtetur
532 2474 575 2539 od
607 2472 840 2560 opponendum
874 2472 911 2536 in
942 2471 1033 2538 dictu
1068 2472 1234 2553 facultate,
1269 2476 1456 2542 nullatenus

178 2566 384 2671 ffifflffltsp
404 2580 629 2663 praesentetur.
686 2573 724 2640 Si
755 2594 833 2638 vero
866 2574 1127 2660 praesentondus,
1160 2579 1201 2641 ut
1233 2578 1459 2663 praemittitur,

178 2668 267 2715 ”M
404 2679 569 2745 doctorem
597 2676 744 2762 ejusdcm
768 2675 892 2740 ordinis
914 2681 949 2741 et
973 2674 1157 2762 Regontcm
1183 2678 1358 2763 contingat
1387 2700 1460 2766 pro-

403 2782 512 2866 prium
542 2801 610 2844 non
641 2777 771 2854 habere,
805 2798 864 2864 per
895 2777 998 2842 alium
1032 2778 1220 2845 doctorcm¹
1257 2779 1390 2866 plenum
1422 2780 1467 2845 iu

403 2881 580 2969 promissis
606 2880 686 2945 dicti
708 2879 931 2964 pnesentnndi
963 2879 1118 2944 notitiam
1148 2882 1210 2946 sub
1234 2881 1349 2947 debito
1367 2883 1466 2968 jum-

403 2983 509 3048 monti
531 3005 565 3047 so
588 2982 774 3045 firmantem
799 2979 1114 3066 linbore,p1·aemisso
1136 2982 1248 3046 omniu
1270 2987 1305 3047 ot
1326 2981 1468 3069 singuln.

403 3083 596 3167 diligentius
618 3083 853 3166 compleantur,
878 3082 924 3147 sic
947 3082 1035 3167 quod
1066 3082 1146 3147 dicti
1170 3084 1401 3150 Procuratores
1419 3085 1463 3149 -in

403 3183 628 3249 seiontiztliltus
652 3205 719 3247 non
742 3190 919 3269 opponant.

239 3532 320 3584 cor.
406 3517 564 3583 Srnrurn
586 3533 628 3581 ro
652 3532 810 3581 rnnvuur
833 3532 902 3579 run
924 3530 1124 3580 nnnucrror
1147 3532 1191 3580 or
1213 3534 1299 3582 nors
1323 3534 1368 3582 nr
1391 3535 1458 3583 run

741 3618 958 3682 Munnrcrur
983 3618 1121 3682 Furnns.

205 3799 273 3850 AJ).
287 3805 359 3849 reos.
451 3785 596 3850 Resonet
622 3804 689 3847 vox
721 3782 901 3847 communis
936 3803 973 3846 oc
1007 3781 1214 3868 experientia
1244 3782 1323 3847 sueti
1356 3785 1457 3859 docet,

177 3881 383 3992 ξξῖἦξᾞὲξξρξξῇῂ
405 3888 492 3974 quod
515 3908 662 3974 proceres
684 3884 782 3972 hujus
805 3884 907 3970 regni,
930 3885 1089 3970 generosi,
1110 3885 1167 3949 alii
1190 3884 1290 3950 ctiam
1307 3886 1459 3971 vulgares

178 3981 391 4075 tffifss‘ssfflffl'd
403 3990 538 4076 plurimi
572 3989 634 4053 sibi
669 3989 797 4065 timent,
830 3987 968 4071 ideoque
991 3986 1168 4051 dimittunt
1197 3987 1283 4051 filios
1306 4009 1383 4052 suos
1406 3986 1458 4051 vel

178 4081 390 4177 fflssffikbffifhff
404 4092 516 4157 affines
531 4097 598 4166 ,aut
620 4089 702 4154 alios
732 4089 795 4153 sibi
827 4110 917 4153 coros
949 4088 985 4152 in
1008 4094 1123 4153 tenom
1140 4090 1329 4175 juventute,
1355 4113 1456 4176 quum

415 4280 444 4285 ,-
470 4278 492 4283 -.
514 4278 596 4283 ...-4..
631 4277 698 4282 ..-...
733 4276 1137 4283 ,4....-...-....----.Ᾰ.,...-----
1156 4277 1209 4284 -.-.
1229 4279 1233 4283 .
1253 4279 1259 4283 -
1280 4279 1287 4284 .

438 4400 534 4449 ¹From
544 4399 595 4448 this
612 4398 682 4461 place
701 4404 726 4446 to
743 4398 785 4447 the
797 4400 846 4447 ond
863 4415 905 4447 oc·
927 4399 931 4450 Ξ
956 4400 1055 4464 vorsity.
1090 4401 1121 4449 In
1142 4401 1200 4451 (Ὃ,
1221 4400 1239 4449 it
1258 4401 1280 4449 is
1303 4401 1389 4457 found.
1409 4400 1456 4449 nnd

405 4495 462 4529 curs
479 4494 506 4528 os
517 4495 532 4527 c
544 4478 669 4542 frngrnent
685 4477 711 4524 in
730 4477 758 4527 C.
794 4478 849 4527 'l'hc
867 4493 904 4528 rc·
956 4480 1001 4528 lias
1009 4481 1071 4528 boen
1084 4480 1173 4541 copied
1184 4482 1217 4544 by
1227 4496 1241 4529 n
1252 4480 1301 4530 late
1313 4480 1381 4530 hand
1393 4480 1456 4529 from

404 4558 518 4607 maindcr
529 4556 551 4605 is
561 4556 640 4605 found
653 4555 680 4604 in
697 4557 730 4605 D.
742 4557 813 4606 alono
825 4558 856 4607 os
863 4557 904 4607 tire
955 4557 1045 4608 thence
1056 4559 1111 4609 into
1123 4558 1150 4609 C.

404 4637 489 4697 copies
506 4635 533 4686 in
547 4637 589 4687 the
600 4634 738 4700 possession
748 4636 776 4685 os
786 4636 827 4686 the
839 4636 904 4686 Uni·
