3090 5490
301 714 395 762 amru
419 712 647 762 caussamarr
669 714 711 761 ar
733 712 1021 762 rsocusaroamr.
1140 698 1179 759 61

182 888 276 967 item,
292 909 365 953 cum
389 888 424 952 in
447 888 535 953 dicto
557 886 694 972 collegio
716 887 784 952 sint
799 886 968 952 Scholares
990 884 1184 951 sufficientes

121 989 233 1075 juxta
260 988 434 1055 facultates
463 990 570 1055 adbuc
606 989 747 1066 habitas,
776 1012 843 1054 non
866 986 1037 1076 ponimus¹
1073 987 1184 1070 aliqua

135 1112 238 1176 usque
253 1092 334 1156 alias
348 1092 388 1157 de
404 1092 501 1157 modo
524 1092 666 1178 eligendi
687 1092 790 1156 socios
811 1092 866 1156 vel
888 1091 928 1155 de
951 1089 1088 1155 diversis
1111 1088 1184 1152 aliis

140 1193 294 1259 faciendis
326 1195 368 1259 ab
402 1195 457 1273 eis,
488 1195 529 1258 de
565 1193 693 1280 quibus,
715 1215 790 1258 cum
825 1199 1048 1280 opportunum
1071 1191 1181 1270 fuerit,

139 1317 194 1382 per
225 1318 285 1361 nos
316 1297 371 1361 vel
394 1318 589 1362 successores
615 1303 745 1361 nostros
769 1301 944 1372 statuetur,
967 1299 1088 1382 praeter
1111 1293 1181 1372 hoc,
1194 1312 1397 1365 waomsrssrue

138 1399 223 1484 quod
253 1398 283 1463 si
312 1399 482 1484 contingat
514 1419 626 1463 omnes
660 1399 761 1463 socios
790 1398 907 1463 domus
941 1398 1037 1463 dictae
1073 1395 1183 1460 subito
1194 1364 1396 1466 dilit'tlllm

139 1503 229 1579 mori,
265 1501 364 1580 abire,
394 1502 579 1587 promoveri
615 1500 669 1565 vel
702 1502 847 1566 amoveri
882 1500 923 1565 de
956 1498 1075 1565 dom0⁹
1113 1499 1184 1563 sinc

138 1603 293 1669 electione
332 1603 463 1689 praevia,
503 1603 692 1668 ordinamus
729 1603 908 1668 secundum
945 1607 1183 1668 testamentum

139 1705 332 1784 fundatoris,
356 1704 468 1791 quod³
498 1706 534 1769 in
560 1705 621 1770 tali
651 1727 727 1770 casu
760 1705 899 1770 veniant
930 1705 1083 1791 Magistri
1117 1724 1185 1767 non

140 1809 280 1896 promoti
316 1808 565 1895 propinquiores
598 1807 739 1873 Donelm
776 1808 819 1872 ad
852 1807 1091 1874 cancellarium
1128 1804 1185 1871 et⁴

141 1911 367 1976 Procuratores
385 1909 438 1974 vel
452 1911 609 1975 seniorem
629 1910 818 1996 theologum
835 1916 869 1975 et
883 1910 1026 1974 seniores
1043 1909 1184 1984 antistas

142 2014 196 2098 qui
217 2034 256 2078 eo
285 2012 358 2098 ipso
383 2011 508 2097 aliquos
543 2012 585 2077 de
617 2012 806 2076 melioribus
839 2011 970 2077 illorum
1004 2011 1185 2077 admittant

141 2115 180 2180 ad
214 2114 391 2201 praefatum
429 2113 608 2200 collegium,
640 2120 683 2191 et,
718 2115 746 2179 si
779 2137 847 2180 non
877 2115 946 2179 sint
984 2121 1064 2179 tunc
1102 2113 1186 2179 tales

145 2217 290 2303 Magistri
314 2216 537 2301 non-promoti
563 2215 653 2281 illius
677 2217 804 2302 patriae,
834 2217 973 2282 veniant
998 2216 1183 2291 Bachilarii,

143 2319 200 2396 vel,
231 2319 259 2384 si
289 2339 418 2383 necesse
440 2317 549 2397 fuerit,
572 2317 734 2404 Sophistae
759 2318 900 2383 Donelm
930 2319 1185 2405 propinquiores,

144 2427 181 2501 et,
213 2427 254 2486 ut
288 2420 330 2485 de
365 2420 532 2506 Magistris
567 2419 692 2485 dictum
726 2427 784 2499 est,
817 2421 1019 2507 recipiantur
1053 2421 1185 2487 illorum

145 2524 240 2608 aliqui
257 2523 436 2588 secundm
453 2527 580 2587 statuta
595 2522 693 2602 dicta,
708 2544 781 2587 cum
806 2524 877 2588 istis
897 2523 1025 2588 tribus⁵
1039 2524 1184 2589 additis:

184 2626 234 2690 'I'u
249 2624 344 2689 dabis
358 2623 456 2689 fidem
471 2624 514 2687 ad
534 2625 737 2689 observanda
756 2630 892 2703 statuta,
909 2625 1090 2713 privilegia,
1107 2647 1182 2691 con·
1194 2634 1378 2728 ffiffihuther

148 2728 338 2805 suetudines,
362 2731 396 2790 et
422 2725 590 2791 libertates
610 2727 706 2791 istius
728 2726 863 2813 collegii
1194 2697 1353 2780 oreoma⁰⁰⁰

185 2828 283 2906 Item,
300 2835 340 2894 tn
360 2849 428 2892 non
449 2827 577 2892 fovebis
599 2828 810 2894 adversantes
825 2830 969 2906 statutis,
992 2830 1182 2918 privilegiis,

150 2928 440 3007 consuetudinibus,
463 2932 522 2993 aut
544 2929 752 2996 libertatibus
783 2931 878 2996 istius
911 2931 1035 3009 domus,
1057 2934 1114 2998 sed
1136 2955 1183 3013 ca,

150 3039 302 3117 quantum
324 3031 360 3095 in
382 3037 417 3096 te
439 3036 497 3108 est,
522 3031 674 3098 defendes
696 3034 820 3120 pariter
841 3039 876 3098 et
896 3033 1029 3099 fovebis.

185 3135 280 3212 llam,
302 3134 504 3199 haecomnia
517 3140 552 3199 te
573 3133 715 3200 fideliter
737 3136 986 3201 observaturum
1012 3138 1186 3224 promittis,

151 3236 226 3302 sicut
247 3237 339 3302 Deus
360 3242 394 3302 te
416 3235 552 3320 adjuvet
574 3243 608 3302 et
630 3243 742 3302 sancta
763 3239 828 3304 Dei
852 3239 1027 3326 evangelia

187 3339 252 3405 ΕΗ
274 3339 344 3404 haec
366 3338 486 3424 viginti
509 3344 650 3423 quatuor
672 3346 799 3405 statuta
820 3364 879 3427 pro
899 3364 987 3407 nunc
1008 3342 1184 3423 sufficiunt,

153 3442 260 3525 quibus
282 3441 347 3506 alia
368 3447 526 3527 poterunt
552 3441 631 3506 addi
665 3464 739 3507 cum
761 3443 930 3509 videbitur
952 3445 999 3510 eis
1021 3446 1183 3532 expedire,

154 3547 203 3610 etc.

183 3867 319 3933 ¹posrimus,
335 3869 366 3920 B.
719 3873 782 3933 ⁴uel,
800 3875 830 3926 B.
843 3877 893 3925 and
905 3877 933 3927 C.

183 3946 262 4005 'dm
278 3949 309 3998 B.
329 3950 379 3999 and
397 3949 442 4010 C.;
465 3950 499 4000 A.
524 3951 569 4001 has
591 3950 633 4001 the
718 3953 816 4003 δινίὁιω
833 3956 937 4006 omitted
947 3958 974 4006 in
985 3958 1016 4009 B.
1028 3959 1078 4008 and
1090 3958 1139 4017 C.;
1158 3958 1184 4006 in

159 4021 315 4078 abbreviation
328 4027 379 4079 «10⁰.
685 4031 719 4081 A.
732 4033 773 4082 the
784 4033 863 4098 figure
875 4040 890 4084 3
902 4035 923 4086 is
934 4037 1019 4088 found.

185 4103 262 4167 'qaia
278 4108 308 4157 B.
718 4113 728 4141 ⁶
739 4112 769 4162 B.
783 4114 833 4163 and
845 4113 873 4164 0.
883 4114 945 4167 omit
956 4123 986 4168 et
