3036 5468
344 696 387 756 80
507 709 599 757 mam
621 706 845 756 cANcsLLAmI
870 706 912 754 nr
934 704 1220 758 rnocussrosure

344 883 504 968 cumipse
524 881 736 961 Cancellariu
752 881 859 966 quoad
882 881 1064 968 pramisscs
1083 881 1266 951 duntaxat¹
1285 882 1399 960 modo,

344 990 384 1050 ut
405 984 586 1072 praefertur,
609 988 761 1071 exceptos
787 1005 889 1064 casus,
912 990 947 1050 et
970 1007 1082 1050 omnes
1107 992 1200 1051 actm
1223 986 1401 1052 scholasti-

345 1108 398 1152 cos
412 1087 611 1153 auctoritate
626 1086 816 1174 Apostolica
839 1091 954 1152 tenore
974 1089 1186 1174 praesentium
1207 1088 1398 1164 eximimus,

345 1198 380 1255 et
401 1188 551 1254 totaliter
580 1189 777 1268 liberamus3
811 1189 963 1275 ipsosque
989 1189 1158 1255 Scholares
1181 1194 1215 1255 et
1238 1211 1400 1276 personas

345 1290 435 1370 alias,
459 1291 617 1377 quamdiu
646 1291 683 1355 in
708 1290 846 1378 praefato
872 1291 991 1368 studio,
1018 1297 1058 1357 ut
1082 1290 1264 1379 praefertur,
1296 1293 1399 1379 dege-

345 1393 423 1471 rint,
447 1392 605 1479 praedicto
636 1392 836 1459 Cancellaric
865 1393 1075 1478 subjicimus:
1108 1395 1156 1459 ita
1185 1394 1274 1482 quod
1305 1394 1398 1460 idem

347 1495 569 1561 Oanoellarius
602 1494 643 1560 de
676 1495 899 1560 contractibus
929 1497 1030 1574 initis,
1063 1518 1102 1561 ac
1134 1497 1176 1562 de
1206 1496 1398 1562 excessibus

345 1597 539 1663 delictorum
570 1601 604 1663 et
636 1597 827 1662 criminibus
857 1599 1037 1663 commissis
1067 1621 1126 1685 per
1157 1598 1330 1664 scholares
1362 1603 1398 1664 et

345 1699 426 1765 alias
440 1721 593 1786 personas
607 1699 794 1784 hujusmodi
816 1721 1013 1786 cognoscere,
1029 1723 1067 1765 ac
1081 1722 1239 1780 excessus,
1256 1702 1398 1766 crimina

345 1809 380 1869 et
401 1803 521 1868 delicta
543 1802 730 1887 hujusmodi
744 1803 903 1889 corrigere
918 1808 953 1868 et
968 1803 1093 1889 punire,
1110 1825 1148 1868 ac
1170 1804 1397 1870 omnimodam

340 1905 607 1990 jurisdictionem
637 1905 739 1969 etiam
772 1904 1022 1971 ecelesiasticam
1052 1911 1088 1971 et
1118 1907 1326 1990 spiritualem
1359 1906 1395 1971 in

345 2007 475 2073 eosdem
501 2007 669 2072 Scholsres
695 2012 729 2072 et
761 2029 914 2094 personas
944 2008 1025 2072 alias
1057 2030 1206 2075 exercere
1231 2005 1337 2076 libere
1362 2015 1397 2075 et

344 2109 432 2174 licite
455 2109 573 2187 valeat,
597 2110 776 2174 secundum
799 2113 935 2189 statuta,
962 2111 1138 2199 privilegia
1163 2117 1199 2177 et
1221 2117 1396 2178 consuetu-

344 2211 437 2276 dines
472 2211 573 2277 studii
607 2211 782 2298 praelibati,
816 2212 919 2278 felicis
949 2214 1182 2280 recordationis
1204 2214 1394 2283 Innocentii

347 2313 446 2399 Papae
469 2315 580 2400 quarti
606 2314 850 2401 praedecessoris
876 2316 982 2381 nostri
1004 2317 1089 2382 eirca
1104 2322 1274 2404 exemptos
1297 2319 1396 2397 edita,

347 2437 421 2502 quae
454 2415 640 2503 incipiunt⁹
672 2425 690 2452 “
706 2415 884 2495 Veleiates?
922 2423 957 2483 et
991 2419 1065 2483 aliis
1101 2419 1396 2486 constitutionibus

118 2514 322 2610 ffifflgffi
347 2519 545 2606 Apostolieis
571 2519 743 2586 contrariis
772 2541 840 2584 non
872 2520 1081 2586 obstantibus
1112 2520 1394 2609 quibuscumque:

144 2679 158 2710 n
203 2629 322 2712 obibu-
346 2621 419 2688 Nos
440 2622 528 2688 enim
554 2622 720 2709 quaslibet
741 2624 1121 2703 excommunicationum,
1144 2625 1394 2710 suspensionum

119 2719 381 2813 ”¹¹¹¹1102210‘3323n,„„ec
406 2725 576 2791 interdicti
603 2725 784 2790 sententias
807 2730 842 2790 et
869 2747 1088 2812 quoscumque
1113 2747 1289 2813 processus,
1314 2751 1396 2815 quas

118 2781 310 2913 ffl‘pffl‘
346 2833 381 2892 ct
395 2849 475 2913 quos
497 2834 611 2893 contra
633 2827 787 2913 praefatos
804 2826 1051 2906 Cancellarium,
1068 2827 1236 2895 Scholares
1258 2835 1295 2895 et
1315 2831 1395 2895 alias

119 2870 306 3023 ffissssffl·
346 2952 497 3015 personas
513 2931 594 2995 dicti
617 2930 728 3006 studii,
747 2935 862 2994 contra
883 2934 1031 2996 tenorem
1054 2936 1089 2996 et
1102 2930 1243 2996 formam
1261 2953 1395 3020 exemp·

117 3019 188 3063 ΜΨ·
344 3030 445 3095 tionis
472 3035 506 3096 et
529 3031 733 3095 liberationis
765 3031 960 3116 hujusmodi,
984 3033 1183 3119 promulgari
1214 3037 1249 3098 et
1280 3033 1395 3099 haberi

345 3133 526 3218 contigerit,
560 3132 761 3197 decernimus
799 3134 910 3198 irritos
942 3139 977 3199 et
1008 3134 1128 3212 inanes,
1163 3133 1395 3218 jurisdictione

344 3240 455 3298 tamen
479 3240 512 3300 et
536 3240 700 3321 potestate
725 3235 855 3321 praefati
872 3235 1064 3302 Oancellarii
1087 3243 1121 3302 et
1144 3236 1394 3315 Universitatis,

344 3357 382 3399 ae
413 3335 632 3422 Collegiorum
663 3338 816 3423 ejusdem,
847 3340 984 3404 statutis
1021 3345 1055 3404 et
1092 3340 1393 3416 consuetudinibus,

344 3438 550 3526 privilegiis‚³
573 3438 791 3520 libertatibus,
825 3441 889 3505 illis
923 3442 1115 3527 praesertim,
1138 3442 1258 3527 quibus
1284 3445 1396 3509 caveri

345 3540 467 3606 dicitur
491 3542 579 3628 quod
601 3541 638 3605 in
662 3542 837 3628 praemissis
862 3542 1092 3609 Procuratores
1115 3549 1149 3608 et
1171 3543 1394 3632 Congregatio

345 3644 578 3730 Magistrorum
601 3644 700 3709 dicta
727 3644 967 3710 Universitatis
994 3646 1030 3710 in
1056 3645 1245 3730 hujusmodi
1268 3647 1395 3712 causis⁴

338 3746 603 3829 'iririsdictionem
626 3746 780 3823 habeant,
795 3746 832 3810 in
847 3748 999 3812 omnibus
1021 3770 1147 3834 semper
1162 3748 1267 3813 salvis
1299 3748 1395 3814 Nulli

343 3850 447 3937 igitur
470 3851 602 3916 omnino
629 3849 755 3914 bomini
781 3848 877 3913 liceat
904 3849 988 3914 hauc
1014 3849 1168 3936 paginam
1194 3854 1317 3916 nostrae
1340 3874 1396 3917 ex·

343 3953 527 4039 emptionis,
551 3952 765 4028 liberationis,
790 3950 1001 4036 subjectionis
1024 3957 1058 4017 et
1080 3951 1326 4017 constitutionis
1346 3954 1396 4018 iu·

342 4054 491 4141 fn'ngere,
508 4056 560 4121 vel
581 4055 611 4120 ei
634 4077 717 4120 ausu
737 4054 910 4119 temerario
933 4055 1117 4121 contraire:
1142 4055 1178 4121 si
1193 4055 1267 4142 quis
1282 4061 1396 4121 autem

342 4154 402 4219 hoc
416 4162 584 4221 attentare
599 4157 852 4242 praesumpserit,
867 4156 1130 4244 indignationem
1146 4155 1396 4244 Ommpotentis

373 4471 379 4499 ¹
394 4485 448 4527 uon,
460 4468 491 4517 B.
928 4461 999 4510 ⁴For·
1017 4462 1099 4512 causis
1114 4460 1145 4510 B.
1162 4459 1208 4509 has
1225 4459 1269 4509 the
1281 4468 1398 4512 eontrac-

373 4550 382 4580 2
395 4549 488 4614 incipit,
499 4545 557 4598 MS.
894 4539 948 4591 tion
962 4540 1039 4590 Cane.
1050 4541 1089 4590 for
1102 4536 1260 4590 Cancellurii.

374 4631 383 4658 ⁸
391 4626 537 4694 pretiisque,
548 4626 578 4676 B.
