3090 5490
392 680 456 744 112
554 695 648 744 amm
671 693 900 745 caucammu
923 695 965 744 m
987 695 1275 749 raooumrouma

162 896 218 940 tura
263 873 585 958 tuamquandoque
609 872 807 959 Regentium
834 877 869 938 et
890 872 1177 959 Non-regentium,
1194 873 1318 939 fuerint
1342 873 1436 940 inno·

161 946 378 1090 ii‘iipdliviiidl'
390 974 468 1053 dati,
486 976 549 1063 [et]
567 980 712 1040 avestra
729 975 958 1059 jurisdictione
976 976 1143 1054 recedunt,
1159 976 1267 1042 claves
1282 976 1437 1044 Ecclesiae

162 1048 339 1151 iriilari‘iiia
389 1083 510 1144 temere
525 1078 770 1159 contemnenda
787 1083 827 1144 ut
841 1079 938 1145 dietae
953 1081 1126 1145 sententiae
1148 1079 1249 1146 robur
1263 1080 1437 1148 obtineant

160 1149 352 1295 ffiffiqssr
387 1180 565 1259 firmitatis,
603 1182 731 1269 quoties
760 1203 820 1247 nos
854 1204 952 1269 super
992 1182 1054 1248 hoc
1094 1207 1114 1248 a
1144 1183 1238 1249 vobis
1276 1183 1436 1251 fuerimus

160 1300 367 1404 memma
388 1283 533 1371 legitime
555 1284 713 1371 requisiti,
736 1285 824 1370 quod
844 1306 903 1350 nos
923 1282 998 1350 vel¹
1024 1284 1175 1351 officiales
1193 1289 1344 1352 nostrum
1364 1307 1436 1352 nos-

160 1402 375 1498 ffipomngggut
388 1391 498 1453 trosve
529 1387 763 1453 commissarios
801 1408 858 1453 seu
900 1388 1065 1454 ministros
1095 1387 1131 1453 in
1161 1393 1275 1455 nostra
1304 1388 1436 1456 dioecesi

159 1504 369 1598 ggquhpenqucoe
387 1491 573 1558 executioni
595 1490 716 1557 debita
745 1490 991 1567 demandentur,
1017 1491 1111 1556 vobis
1142 1492 1350 1558 comedimus
1379 1515 1436 1583 per

160 1567 263 1659 inland:
387 1597 572 1679 praesentes,
588 1593 736 1660 volentes
757 1594 891 1680 insuper
905 1593 1139 1678 tranquillitati
1160 1600 1279 1661 vestrae
1301 1595 1436 1661 uberius

385 1696 563 1782 providere,
588 1701 627 1762 ut
651 1702 760 1762 vestra
787 1695 1014 1763 communitas
1037 1697 1073 1760 in
1102 1695 1251 1763 futurum
1282 1697 1317 1762 in
1344 1702 1434 1765 statu

384 1821 536 1887 prospero
558 1804 593 1865 et
615 1799 793 1886 tranquillo
820 1799 930 1864 valeat
952 1798 1138 1885 gubernari,
1155 1804 1268 1866 tenore
1291 1822 1433 1887 praesen-

385 1905 480 1982 tium,
493 1902 587 1969 vobis
602 1903 815 1979 concedimus,
829 1907 872 1978 et,
888 1905 1051 1988 quantum
1065 1900 1107 1965 ad
1124 1923 1184 1966 nos
1198 1903 1332 1979 attinet,
1345 1903 1433 1968 ordi·

385 2029 512 2087 namus,
527 2010 578 2087 ut,
593 2007 622 2070 si
645 2006 703 2092 qui
720 2005 826 2071 clerici
841 2005 877 2069 in
896 2010 1009 2070 nostra
1024 2003 1155 2070 dioecesi
1176 2005 1365 2072 beneficiati
1381 2007 1433 2073 dia

385 2114 445 2176 aut
462 2113 559 2174 nocte
576 2107 707 2174 inventi
721 2107 846 2172 fuerint
861 2106 897 2170 in
914 2107 1002 2193 pacis
1016 2111 1135 2173 vestrae
1150 2109 1433 2195 perturbationem

385 2234 476 2278 arma
496 2211 686 2288 deferentes
707 2210 761 2275 vel
779 2210 1055 2296 tranquillitatem
1074 2210 1176 2298 ipsius
1191 2210 1433 2279 Universitatis

384 2338 443 2404 per
466 2317 600 2381 modum
630 2313 732 2380 alium
755 2313 993 2402 perturbantes,
1015 2319 1049 2378 et
1072 2335 1170 2401 super
1199 2314 1259 2380 hoc
1289 2317 1433 2382 convicti

384 2419 508 2485 fuerint
537 2416 682 2504 legitime
714 2421 773 2481 aut
803 2416 875 2496 rite,
899 2437 956 2481 seu
983 2438 1041 2503 per
1072 2437 1185 2482 eorum
1208 2417 1321 2505 fugam
1350 2441 1432 2506 prae·

384 2523 549 2611 sumptive
581 2520 726 2598 confessi,
760 2519 849 2605 quod
878 2541 989 2584 eorum
1019 2518 1177 2584 beneficia
1214 2521 1249 2584 in
1280 2521 1433 2588 manibus

384 2627 513 2702 nostris,
535 2626 578 2690 ad
602 2623 888 2690 denunciationem
914 2621 1116 2702 Camellani,
1132 2622 1315 2689 faciendam
1337 2624 1432 2690 nobis

384 2730 444 2795 sub
468 2731 569 2817 ipsius
593 2726 833 2793 Universitatis
859 2724 968 2812 sigillo
999 2726 1173 2807 communi,
1197 2726 1355 2792 faciemus
1376 2750 1433 2815 per

384 2833 565 2899 triennium
601 2829 807 2916 sequestrari,
842 2833 882 2892 ut
920 2828 961 2892 da
998 2827 1161 2893 fmctibus
1200 2828 1430 2895 beneficiorum

383 2935 581 3023 hujusmodi,
608 2931 822 3020 percipiendis
846 2930 979 2996 interim
1003 2930 1058 2995 vel
1081 2931 1249 3018 perceptis,
1272 2931 1350 2998 laeso
1372 2938 1432 2999 aut

384 3039 479 3117 laesis,
502 3059 561 3124 per
586 3036 752 3102 convictos
778 3054 835 3098 seu
860 3031 1022 3098 confessos
1048 3039 1108 3099 aut
1131 3033 1289 3120 fugitivos
1320 3034 1433 3121 hujus·

220 3209 225 3220 ,
384 3142 482 3222 modi,
507 3138 757 3205 denunciatione
784 3158 882 3221 super
903 3135 964 3199 hoc
989 3134 1087 3200 unica
1111 3136 1207 3201 nobis
1234 3137 1331 3218 facta,
1355 3137 1433 3225 legi-

157 3207 329 3312 diiid‘ddriiii
384 3246 464 3310 time
488 3242 636 3307 satisfiat.
687 3238 783 3317 Quod
811 3238 838 3302 si
864 3238 1057 3302 beneficium
1085 3240 1334 3306 ecclesiasticum
1366 3264 1432 3306 non

157 3310 186 3352 do
195 3314 236 3352 not
247 3307 345 3360 actually

156 3360 347 3464 ppqqpffiqffi
348 3408 355 3451 l
357 3408 372 3450 d
384 3346 560 3411 habuerint
584 3343 626 3407 ad
653 3346 788 3428 tempus,
818 3342 998 3405 secundum
1021 3343 1215 3426 qualitatem
1241 3348 1276 3408 et
1302 3346 1433 3428 quanti-

156 3461 353 3554 qqoppqgllepgtpp·
384 3455 487 3515 tatem
514 3446 624 3511 delicti
649 3446 691 3509 ad
716 3443 907 3508 beneficium
935 3445 1185 3510 ecclesiasticum
1213 3447 1348 3511 minime
1375 3448 1430 3513 ad·

157 3561 360 3657 {lffllfigssssler
384 3553 569 3629 mittantur,
596 3548 658 3612 nisi
693 3548 771 3633 ipsi·
787 3546 829 3610 ad
858 3547 1051 3611 beneficium
1084 3548 1334 3613 ecclesiasticum
1358 3573 1431 3637 pro·

158 3666 268 3767 amos
280 3664 338 3755 23¹⁰ss
384 3654 546 3730 movendi,
562 3656 639 3716 ante
662 3672 759 3735 quam
781 3648 970 3733 hujusmodi
990 3650 1184 3715 beneficium
1206 3658 1431 3736 assequantur,

156 3727 372 3876 {ffiqpffiaygt
385 3781 476 3824 snam
500 3755 720 3821 innocentiam
735 3753 770 3816 in
792 3753 966 3839 praemissis
991 3753 1174 3829 ostendant,
1199 3762 1259 3818 aut
1280 3754 1367 3833 laesis
1390 3757 1432 3820 ab

158 3866 371 3909 mrdwfflsff‘lffl
384 3863 463 3950 ipsis
489 3859 693 3926 satisfaciant
714 3860 945 3941 competenter,
969 3859 1004 3919 et
1026 3855 1167 3941 gratiam
1192 3856 1432 3923 Universitatis

157 3917 372 4061 ffiffiffiffiq
385 3965 564 4032 meruerint
596 3962 751 4038 obtinere,
782 3965 815 4023 et
846 3958 892 4023 sic
920 3958 1141 4023 restituantur
1169 3960 1314 4048 legitime
1336 3961 1432 4031 samm

156 4069 349 4170 artrusio

428 4256 469 4318 ln
500 4274 636 4338 quorum
668 4248 813 4313 omnium
850 4248 1074 4312 testimonium
1106 4249 1249 4335 sigillum
1281 4256 1429 4316 nostrum

382 4356 599 4446 praesentibus
630 4356 680 4417 est
709 4372 896 4438 appensum.
955 4351 1080 4417 Datum
1105 4353 1193 4438 apud
1220 4353 1431 4432 Londinium,

438 4516 527 4522 ..-..-
556 4512 667 4519 -——·—
678 4512 734 4517 —·-·-
1217 4511 1416 4520 ——ae———-.0.

599 4594 605 4622 ¹
619 4591 768 4657 Something
779 4607 858 4642 seems
870 4590 928 4641 here
940 4591 1043 4643 omitted
1055 4592 1081 4641 in
1093 4592 1136 4642 the
1148 4591 1202 4643 MS.
