3036 5468
351 678 416 743 192
517 691 615 741 mom
638 688 870 742 crucanman
894 692 936 741 m
959 690 1251 746 rnocunnronun.

350 862 489 930 Oxonisc
504 864 585 929 alias
608 886 667 951 per
693 865 833 930 eundem
858 865 1029 930 dominum
1042 871 1077 931 et
1099 872 1227 953 patrem
1252 864 1398 933 dioecesa

348 987 429 1029 num
454 972 603 1031 nostrum
626 967 858 1053 interpositum
880 967 946 1032 fuit
967 973 1002 1033 et
1026 969 1127 1033 etiam
1150 967 1398 1055 promulgatum,

347 1067 570 1153 recipiendum
596 1069 824 1154 juramentum
851 1070 892 1134 de
918 1069 1082 1135 calumnia
1105 1076 1140 1135 et
1169 1067 1241 1135 de¹
1267 1069 1401 1136 veritate

348 1169 495 1247 dicendo,
528 1176 562 1235 et
600 1170 772 1256 quodlibet
809 1171 900 1236 uliud
938 1172 1076 1249 licitum,
1114 1194 1172 1237 seu
1208 1172 1313 1237 etiam
1349 1192 1402 1260 pro

347 1270 437 1337 dicto
473 1272 652 1338 interdicto
697 1278 756 1338 aut
794 1272 865 1359 ejus
910 1273 1083 1352 occasione,
1134 1274 1402 1361 qualitercunque

347 1373 552 1459 requisitum,
575 1374 612 1440 in
633 1373 760 1440 animas
785 1380 922 1456 nostras,
945 1381 980 1441 et
1003 1376 1172 1442 cautiones
1194 1397 1402 1463 quascunque

347 1476 558 1561 praestandus,
595 1482 629 1542 et
662 1475 705 1541 ad
740 1477 895 1562 majorem
927 1476 1121 1542 firmitatem
1143 1479 1235 1565 pacis
1265 1485 1301 1545 et
1331 1501 1402 1547 con·

216 1626 223 1639 .
266 1623 274 1639 .
347 1579 466 1645 cordiae
484 1578 557 1664 jam
577 1578 667 1644 inter
689 1577 954 1644 Universitutem
978 1579 1225 1666 Magistrorum,
1250 1586 1286 1647 et
1306 1580 1403 1649 Scho-

347 1681 548 1759 resumas
564 1680 763 1747 crassorum
780 1680 1020 1746 universatis
1036 1682 1135 1748 sices
1150 1682 1241 1749 vina
1255 1682 1401 1761 oxonia,

346 1804 390 1848 ex
412 1806 479 1848 una
500 1788 603 1870 parte,
619 1788 654 1849 ct
676 1804 737 1848 nos
759 1805 802 1848 ex
825 1783 937 1861 altera,
961 1782 1131 1863 factarum,
1147 1786 1350 1871 petendum;
1370 1790 1402 1850 et

345 1886 617 1951 consentiendum
633 1885 723 1971 quod
745 1884 832 1949 idern
853 1884 1006 1950 dominus
1022 1886 1202 1973 Episcopus
1217 1887 1402 1954 ordinarius

345 1993 458 2054 noster
479 1987 661 2053 sententias
685 1987 1033 2052 excommunicationis
1056 1988 1190 2074 majoris
1212 1991 1250 2055 in
1280 2013 1343 2057 nos
1370 1995 1403 2056 et

345 2111 500 2176 personas
523 2094 662 2168 nostras,
685 2111 724 2154 ac
746 2088 892 2176 singulos
924 2089 964 2154 de
986 2092 1224 2158 communitate
1246 2093 1404 2179 praedicta

345 2212 543 2257 successores
565 2196 694 2255 nostros
716 2196 750 2255 et
784 2212 905 2270 eorum,
928 2214 1056 2257 necnon
1084 2192 1254 2260 interdicti
1277 2195 1315 2259 in
1338 2196 1402 2262 dic-

346 2298 417 2357 tam
430 2292 544 2357 villam
561 2291 700 2357 Oxonise
715 2298 750 2357 et
773 2293 1044 2359 communitatem
1065 2294 1224 2360 laicorum
1246 2296 1402 2383 ejusdem,

347 2398 382 2460 et
404 2393 562 2458 suburbia
577 2399 611 2459 et
633 2393 801 2481 parochias
816 2394 1022 2459 ecclesiarum
1038 2394 1070 2460 S.
1086 2396 1220 2482 AEgidii,
1239 2397 1271 2463 S.
1288 2398 1404 2464 blaciae

348 2495 562 2583 Magdalcnae,
601 2495 633 2561 S.
673 2494 787 2561 Crucis
817 2495 859 2561 de
898 2495 1092 2577 Halliwell,⁸
1124 2497 1155 2563 S.
1195 2498 1331 2565 Thomas
1368 2500 1402 2565 in

346 2597 477 2663 Northe
493 2598 650 2684 Oseneye,
661 2602 696 2663 et
712 2597 745 2663 S.
756 2596 936 2663 Clementis
951 2599 1042 2664 ultra
1056 2621 1196 2686 parvum
1211 2606 1358 2686 pontem,
1369 2607 1404 2668 et

119 2714 303 2760 mansuetam
345 2700 410 2767 alia
445 2700 603 2767 suburbia
636 2699 783 2786 ejusdem
804 2700 893 2766 villae
922 2701 1070 2778 Oxoniae,
1094 2703 1295 2769 auctoritate
1319 2705 1404 2770 ordi-

119 2766 179 2816 that.
187 2766 208 2808 lt
217 2777 271 2809 orer
279 2766 334 2818 they

119 2816 309 2910 fflffiffl
344 2803 438 2868 naria
459 2803 545 2868 femt
568 2807 602 2868 et
627 2802 821 2889 promulget,
850 2801 971 2867 eisdem
993 2803 1260 2890 procuratoribus
1283 2806 1404 2872 nostris

118 2917 312 3009 fflffiffi„
344 2926 401 2970 seu
424 2927 536 2972 eorum
566 2904 671 2973 altero
703 2909 873 2991 praesente,
896 2905 991 2970 nobis
1026 2905 1067 2971 ad
1101 2905 1162 2971 hoc
1185 2929 1254 2972 non
1276 2908 1404 2974 vocatis

117 3017 295 3119 pppppeffi
307 3070 332 3111 to
344 3028 404 3072 nec
438 3006 562 3070 auditis
595 3006 653 3070 sed
687 3006 891 3087 absentibus,
925 3006 954 3072 si
985 3028 1097 3092 pacem
1131 3013 1166 3072 et
1196 3010 1403 3076 concordiam

118 3116 307 3210 ffigpntgpopgp
343 3108 517 3193 pnndictas
552 3112 585 3171 et
620 3107 690 3192 ejus
721 3114 855 3195 puncta,
890 3108 930 3173 de
965 3108 1084 3194 quibus
1117 3132 1176 3196 per
1207 3116 1338 3176 nostras
1369 3117 1403 3177 et

118 3218 313 3311 ggffilglfirglffi
344 3210 441 3274 dictae
465 3208 706 3274 Universitatis
737 3210 849 3276 literas
881 3210 1011 3297 plenius
1045 3211 1170 3297 liquere
1192 3217 1312 3297 potest,
1336 3236 1402 3280 non

284 3300 290 3312 ’
344 3310 598 3389 observavimus
622 3313 677 3376 vel
700 3334 897 3377 successores
919 3313 1024 3377 nostri
1047 3335 1116 3378 non
1142 3314 1400 3396 observaverint,

344 3413 432 3500 quod
454 3413 548 3490 absit,
573 3413 626 3478 vel
649 3414 686 3477 in
709 3414 820 3500 aliquo
844 3415 1149 3480 contravenerimus
1163 3416 1232 3481 ullo
1253 3423 1401 3504 tempore

343 3539 401 3582 sen
416 3517 524 3593 etiam,
541 3516 570 3580 si
589 3516 658 3581 ullo
680 3521 828 3602 tempore
843 3517 1026 3582 consimiles
1047 3539 1196 3583 excessus
1218 3519 1400 3599 fecerimus,

342 3619 395 3684 vel
433 3641 629 3684 successores
662 3619 768 3683 nostri
801 3619 947 3699 fecerint,
983 3624 1098 3685 contra
1133 3619 1399 3688 Universitatem

341 3722 532 3808 praedictam
570 3721 636 3786 illis
674 3719 865 3799 excessibus,
904 3728 1039 3808 propter
1079 3744 1159 3809 quos
1205 3723 1272 3789 fuit
1317 3726 1399 3790 illud

340 3825 555 3890 interdictum
601 3845 658 3910 per
702 3822 878 3909 praefatum
924 3823 1096 3888 dominum
1135 3824 1398 3892 Lincolniensem

341 3927 547 4015 Episcopum,
571 3930 611 3991 ut
633 3925 859 4011 praemittitur,
882 3926 1136 4013 promulgatum,
1160 3927 1214 3990 vel
1246 3928 1350 3993 etiam
1372 3930 1399 3994 si

341 4030 558 4093 communiter
580 4049 694 4114 pacem
717 4035 751 4093 et
777 4028 922 4113 quietem
945 4028 1042 4093 dicteu
1066 4028 1307 4096 Universitatis
1329 4033 1401 4097 vio-

341 4129 518 4195 laverimus
540 4129 577 4193 in
600 4152 677 4194 casu
699 4152 767 4194 non
787 4129 942 4216 permisso
963 4152 984 4194 a
1003 4128 1101 4214 jure,
1123 4130 1226 4195 etiam
1248 4133 1339 4218 quod
1361 4156 1398 4199 eo

341 4236 488 4318 tempore
526 4237 560 4296 ct
599 4232 670 4317 ipso
708 4231 793 4296 facto
832 4232 937 4297 dictas
975 4233 1327 4299 excommunicationis
1364 4242 1398 4301 et·

343 4432 539 4441 ——n—
575 4432 703 4438 .——---
754 4432 772 4437 --
785 4432 824 4437 —-.
841 4434 844 4438 .
862 4434 871 4439 .
913 4433 1044 4441 ·-.-—-.---
1053 4434 1113 4441 ——.
1122 4436 1157 4442 .-
1167 4435 1323 4442 ——--·——
1342 4435 1389 4442 ...ι-

378 4559 384 4588 ¹
398 4557 431 4607 D.
443 4556 489 4607 hus
499 4557 585 4605 turture
596 4556 677 4606 added
688 4555 773 4606 bcstrre
786 4558 847 4605 ueri·
925 4560 997 4611 ’urit
1010 4560 1041 4610 B.

344 4645 400 4688 lale.
479 4686 482 4691 ,
926 4637 1073 4699 ³Ilabuell,
1085 4640 1114 4689 B.
