3036 5468
374 623 417 696 70
538 643 630 694 amar
652 641 878 693 cruentamur
902 644 944 691 ur
966 642 1253 693 raecumrosmr

206 957 295 1077 37⁵3·
508 975 514 987 ·
559 973 567 988 ·
642 965 697 1030 Da
718 978 924 1030 rummare
947 964 1130 1032 Junrcun¹

207 1092 295 1209 iiii.
420 1142 543 1209 Jurent
565 1146 677 1209 autem
699 1143 746 1206 sic
767 1141 871 1220 electi,
886 1143 975 1229 quod
989 1142 1169 1209 secundum
1183 1147 1313 1209 statuta
1336 1143 1430 1211 Uni·

182 1249 330 1326 A·1?·¹³⁰⁰
376 1243 544 1310 versitatis
566 1248 602 1309 et
623 1243 875 1311 consuetudines
906 1243 1111 1332 approbatas,
1134 1243 1204 1309 sino
1235 1245 1430 1332 acceptione

148 1315 324 1449 ΜὛΙΗ
376 1368 587 1434 personarum
610 1351 644 1412 et
665 1347 789 1431 injusto
811 1347 933 1424 favore,
951 1368 1073 1423 causas,
1096 1346 1225 1433 quoties
1249 1347 1313 1411 sibi
1336 1368 1428 1413 com-

148 1448 345 1541 ffimghffl
376 1449 469 1516 mitti
489 1449 672 1536 contigerit,
695 1450 831 1514 audient
864 1454 899 1514 et
930 1449 1084 1519 decident
1106 1448 1247 1514 discreto
1276 1449 1429 1528 arbitrio,

148 1546 344 1643 pflffignffdp'ff
376 1556 411 1617 et
426 1574 502 1632 non,
515 1552 580 1617 nisi
595 1574 638 1617 ex
652 1573 750 1618 causa
763 1551 972 1617 rationabili⁹
986 1551 1188 1639 indigentiae,
1203 1550 1431 1619 determinent

148 1652 210 1692 Μ
217 1648 335 1751 ffllffi
376 1657 466 1743 parti
486 1656 540 1722 vel
561 1654 710 1742 partibus
732 1655 916 1731 advocatos,
932 1654 1020 1740 quod
1043 1655 1071 1719 si
1093 1659 1222 1741 partem
1238 1654 1294 1720 vel
1314 1659 1430 1742 partes

147 1750 537 1849 &mammaea
560 1758 615 1823 vel
636 1757 806 1824 advocatis
831 1779 898 1822 non
931 1757 1133 1823 decreverint
1161 1756 1318 1844 indigere,
1347 1779 1429 1844 pam

224 1913 271 1945 ,„
375 1862 412 1926 in
435 1863 496 1926 hoc
517 1884 551 1925 se
573 1867 731 1947 reputans
747 1861 954 1947 praegravari,
978 1861 1127 1945 praestito
1149 1860 1240 1946 prius
1262 1860 1351 1945 apud
1370 1860 1429 1946 ju-

375 1965 479 2029 dicem
497 1963 698 2047 juramento,
727 1963 816 2048 quod
849 1984 916 2027 non
937 1984 1035 2027 causa
1057 1962 1225 2027 dilationis
1247 1962 1304 2027 sed
1321 1962 1428 2047 justae

372 2065 576 2131 necessitatis
599 2065 642 2129 ad
663 2062 747 2129 hoc⁸
769 2066 891 2130 instare
914 2064 1099 2142 crediderit,
1114 2064 1184 2130 sine
1201 2064 1427 2151 appellatione

374 2167 612 2237 cancellarium
634 2167 740 2244 adeat,
756 2170 797 2230 ut
819 2166 906 2232 inira
927 2166 1066 2233 biduum
1089 2167 1285 2233 determinet
1307 2189 1353 2232 an
1371 2169 1427 2234 in-

373 2271 486 2357 digeat
506 2269 562 2334 vel
584 2291 651 2335 non
673 2269 822 2356 indigeat
845 2269 1026 2350 advocat0;
1048 2270 1085 2335 in
1107 2269 1164 2333 illo
1186 2274 1298 2335 autem
1321 2269 1428 2337 biduo

366 2372 474 2459 judex
488 2371 540 2437 illi
558 2394 664 2439 causae
679 2372 897 2459 supersedeat,
912 2373 1068 2437 citatione
1091 2372 1303 2459 praecedente,
1319 2371 1427 2439 etiam

372 2480 447 2562 post
469 2474 553 2541 illud
574 2474 723 2554 biduum,
742 2496 838 2539 suum
860 2473 1012 2541 effectum
1035 2479 1075 2538 ut
1095 2473 1187 2561 prius
1208 2475 1245 2540 in
1267 2475 1426 2543 omnibus

372 2577 535 2645 habitura.

636 2905 691 2968 Dr
714 2919 952 2970 ascusnnonn
973 2905 998 2969 J
1000 2903 1140 2970 muers.⁴

145 3104 345 3158 niurymanmay
418 3079 514 3159 Quod
536 3080 565 3144 si
587 3100 662 3164 pars
692 3079 835 3164 aliquem
858 3079 899 3144 de
929 3080 1003 3145 istis
1031 3079 1199 3165 judicibus
1231 3081 1277 3146 sic
1308 3081 1426 3151 electis

144 3155 350 3273 &distillans
372 3181 526 3247 habuerit
548 3179 763 3266 probabiliter
784 3182 820 3244 in
843 3204 902 3246 sua
924 3204 1022 3247 causa
1044 3188 1237 3270 suspectum,
1253 3188 1426 3273 proposita

144 3255 325 3356 llbilllilll‘
373 3284 478 3372 primo
509 3305 616 3348 eoram
646 3282 759 3348 eodem
797 3306 894 3349 causa
927 3284 1126 3372 probabilis⁵
1149 3287 1352 3374 suspicionis,
1388 3298 1426 3358 et

144 3355 248 3452 anotuop
261 3423 276 3453 a
367 3387 482 3472 jurata
504 3407 612 3451 coram
629 3384 841 3465 Cancellario,
855 3386 943 3452 iufra
957 3388 1094 3453 biduum
1111 3387 1264 3455 dominus
1287 3390 1425 3459 Cancel-

372 3483 471 3554 larius
494 3489 595 3553 aliurn
618 3489 674 3553 det
692 3489 838 3574 judicem
855 3492 895 3555 de
911 3492 1098 3567 nominatis
1113 3492 1150 3554 in
1166 3513 1264 3575 quem
1279 3499 1423 3581 utraque

370 3614 446 3679 pars
469 3592 677 3668 consenserit,
699 3593 761 3668 vel,
784 3593 811 3656 si
838 3593 875 3656 in
905 3616 1005 3657 unam
1034 3616 1204 3679 personam
1234 3599 1424 3665 consentire

371 3694 547 3772 noluerint,
570 3695 712 3781 aliquem
744 3695 785 3759 de
809 3695 930 3761 eisdem
953 3696 1090 3782 deputet
1117 3718 1175 3761 suo
1200 3702 1302 3762 motu.
1349 3699 1424 3766 Ha-

370 3799 472 3865 beant
501 3801 613 3863 autem
639 3797 766 3882 judices
793 3797 1013 3884 potestatem⁰
1036 3799 1255 3884 suspendendi
1279 3801 1425 3871 advoca·

369 3906 420 3965 tos
451 3902 494 3965 ad
525 3906 663 3986 ternpus,
688 3923 769 3986 spuos
799 3899 1004 3965 frustratorie
1034 3902 1188 3966 noverint
1210 3922 1322 3967 musas
1345 3928 1423 3991 pro-

368 4002 530 4067 traxisse.⁷

375 4193 592 4202 -—---—...-.
610 4197 621 4201 .-
651 4198 692 4203 .-.-
728 4197 746 4201 -.
763 4196 851 4203 ...-.-.
869 4198 899 4203 -.
916 4197 1210 4205 ...-....-—..--.—-—-.
1220 4200 1420 4211 ...κ-η..

403 4305 409 4334 ¹
423 4304 491 4353 Title
512 4314 558 4354 not
578 4305 605 4353 iu
629 4305 681 4359 A.;
701 4306 822 4371 supplied,
842 4323 870 4358 ur
948 4307 1036 4357 ‘Tillo
1047 4309 1161 4372 supplied
1172 4309 1237 4359 from
1248 4310 1280 4360 B.

368 4385 446 4441 usual,
458 4385 522 4433 from
534 4385 564 4434 B.
947 4389 956 4415 '⁰
963 4386 1129 4452 probabiliter,
1141 4389 1175 4438 Λ.

401 4461 582 4523 melionabat,
596 4464 624 4515 Β.
638 4465 688 4513 aud
700 4464 728 4513 (ἶ.
947 4468 1102 4531 “potentum
1114 4469 1144 4517 B.
1156 4470 1205 4519 aud
1217 4469 1246 4519 (¹1.

403 4541 508 4598 ³adlurr,
521 4542 548 4590 (³.
950 4549 956 4572 ¹
965 4554 1119 4610 proterrere,
1135 4549 1163 4597 B.
