3090 5490
360 686 425 750 312
521 699 616 748 mnnr
639 697 868 747 emenumnu
893 698 935 746 rer
957 695 1247 748 processionum

160 995 230 1044 AJ).
242 998 314 1044 14³2.
362 972 429 1060 ¹Os
439 972 491 1040 tlte
505 972 641 1058 orclcrty
656 971 800 1141 eondntpyt
814 970 854 1058 os
863 971 905 1036 M
903 977 1006 1037 astera
1017 970 1062 1038 int
1074 970 1331 1058 Conpreqatien
1343 970 1419 1037 aad

789 1074 997 1141 catceatiort.

128 1232 342 1337 pqdcgpmpon
405 1216 502 1293 Item,
527 1220 694 1281 atet-utum
715 1220 770 1293 est,
801 1215 889 1300 quod
921 1214 1062 1300 quilibet
1096 1214 1258 1302 Magister
1298 1220 1416 1280 votum

129 1334 343 1429 fflxffiqgt
361 1342 457 1384 auum
480 1318 635 1397 dicturus,
652 1317 688 1381 in
704 1317 935 1383 convocatione
950 1338 1009 1382 seu
1023 1317 1277 1404 congregatione
1293 1316 1417 1404 Magis-

129 1434 336 1535 fflhffilss
362 1426 488 1487 trorum
504 1418 669 1485 ubilibet⁹
683 1420 897 1499 celebratura,
913 1419 1002 1484 dieat
1017 1424 1134 1485 votum
1155 1442 1254 1485 suum
1274 1420 1347 1486 sine
1361 1442 1418 1485 va·

129 1534 352 1630 ffiffiqrtqlggoe·
362 1524 504 1610 gatiene,
520 1545 576 1587 seu
593 1522 717 1587 deloco
739 1522 782 1586 ad
801 1522 910 1586 locum
925 1522 1121 1609 migratione
1143 1522 1319 1607 frequenti,
1335 1521 1417 1587 dum

130 1635 330 1780 ffiqirqgffior
362 1626 447 1691 inibi
476 1627 563 1690 inter
590 1624 720 1689 eosdem
744 1624 870 1710 negotii
896 1624 1038 1690 materia
1068 1628 1301 1711 pertractatur,
1326 1624 1416 1689 intra

131 1736 346 1839 fflngltgtrpn
363 1729 450 1815 quod
466 1728 604 1792 aliorum
614 1732 694 1791 vota
708 1726 841 1812 publiea
855 1725 979 1812 absque
993 1727 1234 1814 interruptione
1248 1725 1416 1814 patienter

130 1836 337 1941 gigffiffig?
363 1831 485 1906 audiat,
510 1829 687 1894 dummodo
714 1829 804 1915 prius
826 1828 936 1904 fuerit,
962 1827 1095 1894 silentio
1125 1828 1259 1893 interim
1282 1850 1416 1917 prorsus

130 1937 346 2041 ffisfflfflffl
362 1938 501 2013 servato,
524 1954 693 2019 quousque
716 1931 796 1997 ordo
811 1953 889 1997 suus
917 1932 1091 1998 advenerit
1105 1931 1246 2013 dicendi,
1268 1937 1305 1999 et
1326 1938 1416 2012 tunc,

130 2039 250 2092 unm
364 2036 508 2101 modeste
524 2057 583 2099 suo
605 2035 769 2121 explicato
790 2034 931 2114 intento,
947 2033 1087 2100 aliorum
1110 2035 1208 2114 dicta,
1232 2034 1260 2100 si
1276 2035 1417 2123 digrium

365 2142 504 2223 reputet,
527 2135 732 2224 benigniter⁸
761 2136 943 2224 impugnet,
975 2159 1012 2202 ac
1035 2143 1148 2202 contra
1169 2160 1275 2215 suum,
1299 2138 1329 2203 si
1343 2160 1417 2226 quar

190 2250 225 2300 A.
238 2255 279 2299 aa
366 2239 572 2325 replicentur,
593 2239 807 2325 propositum,
822 2244 951 2305 attente
974 2239 1097 2319 audiat,
1120 2239 1150 2304 si
1172 2240 1263 2317 velit,
1288 2254 1418 2307 mature

191 2315 221 2368 α
234 2320 288 2366 ¹²⁸*
367 2341 492 2406 solvere
515 2347 652 2427 sataget,
679 2341 771 2405 nullo
805 2341 1014 2427 opprobrioso
1038 2363 1097 2406 nec
1120 2341 1294 2408 indecente
1315 2342 1418 2409 verbo

365 2443 418 2508 vel
440 2445 527 2509 fecto
550 2444 752 2530 interposito,
778 2443 835 2508 sed
859 2443 1080 2528 quorumlibet
1102 2444 1318 2530 praesentium
1339 2466 1418 2531 paee

366 2551 400 2611 et
433 2547 556 2611 honore
587 2547 624 2610 in
661 2545 814 2610 omnibus
836 2566 965 2632 semper
992 2546 1101 2624 salvis,
1132 2545 1195 2611 sub
1229 2568 1331 2633 poena
1359 2569 1417 2613 ex·

365 2648 560 2734 pulsationis
591 2671 612 2712 a
642 2647 876 2712 convocatione
907 2650 942 2712 et
975 2648 1230 2735 congregatione
1257 2671 1318 2735 per
1347 2672 1418 2738 sep

368 2752 524 2815 timanam
550 2772 590 2816 ex
621 2755 700 2815 tunc
733 2750 886 2834 proximo
915 2755 1117 2834 sequentem,
1140 2773 1214 2836 quae
1244 2773 1346 2838 poena
1374 2753 1419 2818 sit

367 2857 505 2918 executa
534 2874 576 2917 ex
601 2872 760 2916 consensu
789 2848 983 2915 Cancellarii
1007 2857 1042 2916 et
1065 2852 1329 2919 Procuratorum.

519 3152 585 3237 ¹0f
603 3152 653 3218 tu
669 3153 853 3220 betericus
867 3152 906 3239 of
917 3153 1059 3219 Mostene
1074 3153 1118 3218 tn
1132 3153 1266 3219 ctarclr.

137 3313 342 3407 ffigqlqlffi
413 3299 509 3376 Item,
534 3305 702 3365 striatam
717 3308 770 3379 est,
786 3302 874 3388 qued
896 3301 1006 3366 nullus
1030 3300 1190 3388 Magister
1204 3324 1329 3389 regens,
1345 3310 1419 3391 post

137 3413 337 3507 &5523331233451
370 3405 587 3489 inceptionem
620 3405 832 3490 exequiarum
865 3404 918 3468 vel
957 3403 1128 3468 missarum
1169 3403 1417 3486 Universitatis‚

137 3514 333 3608 gumqqpntgffflgj
368 3507 524 3579 ambulet,
548 3511 697 3592 vagetur,
720 3507 774 3571 vel
789 3507 958 3593 signanter
979 3511 1126 3571 meretur
1149 3506 1183 3569 in
1208 3506 1329 3571 habitu
1352 3531 1417 3575 suae

136 3614 334 3709 ,fssfflffld
369 3609 525 3694 regentiae
548 3616 644 3672 entra
666 3609 800 3672 chorum
827 3609 962 3673 caucelli
997 3609 1084 3672 infra
1115 3608 1235 3675 limites
1267 3612 1416 3690 ecclesiae,

136 3716 345 3819 gpgqxqfquffll!
370 3711 426 3775 ubi
442 3717 477 3775 et
492 3712 570 3775 dum
587 3710 675 3774 dicta
698 3711 822 3773 Divina
838 3711 942 3775 officia
965 3716 1183 3795 exequuntur,
1199 3713 1270 3776 sine
1286 3713 1418 3778 licentia

370 3813 571 3892 Camellani,
596 3813 660 3876 nisi
683 3812 718 3875 in
742 3813 821 3875 illuc
847 3813 1011 3877 veniendo
1036 3812 1090 3877 vel
1120 3813 1198 3878 inde
1228 3816 1416 3890 recedende,

347 3916 429 3979 'sub
452 3938 551 4001 poena
577 3937 634 3979 sex
660 3915 869 3979 denariorum
896 3915 1121 3980 Universitati
1148 3916 1388 3983 solvendorum.

403 4218 408 4245 ¹
427 4216 468 4264 No
479 4216 535 4265 title
547 4215 573 4263 in
586 4215 643 4265 MS.
889 4260 892 4273 ,
947 4215 1048 4278 Νηρία,
1062 4214 1100 4276 C,
1112 4216 1157 4264 but
1167 4219 1303 4267 corrected,

401 4293 536 4353 ¹·'er'delieet
550 4294 586 4351 0.,
605 4295 731 4343 corrected
751 4295 811 4356 bys
830 4308 867 4342 rc-

366 4381 424 4424 ecnt
434 4372 508 4420 hand.
